2542 4192
308 272 456 327 BELLUM
473 271 733 328 IUGURTHINUM
752 289 774 326 c.
789 278 902 328 87-90.
1047 271 1113 336 105

102 417 268 480 intentum
282 417 416 500 accepit,
435 416 559 481 maiora
577 421 611 480 et
628 417 733 502 magis
749 438 864 501 aspera
881 416 1016 501 aggredi
1034 419 1114 480 tem

103 526 166 590 pus
189 504 296 569 visum
319 508 378 568 est

171 591 255 658 Erat
277 592 363 656 inter
385 591 527 692 ingentis
557 591 747 657 solitudines
776 593 931 676 oppidum
959 608 1150 680 magnumo

105 685 204 764 atque
228 681 338 745 valens
365 680 496 744 nomine
520 678 656 781 Capsa,
666 681 757 745 cuius
786 681 895 745 condit
881 685 934 746 tor
956 680 1113 748 Hercules

104 767 207 851 Libys
235 768 486 832 memorabatur.
532 768 601 834 eius
630 768 715 833 cives
744 769 829 852 apud
852 768 967 856 Iugurt
953 769 1076 834 t'ham
1067 793 1113 834 m-

104 855 479 940 munes,leri1mperio
503 860 537 921 et
560 857 602 921 ob
626 878 665 920 ea
687 857 877 921 fidelissumi
899 857 1065 921 habebant
1051 861 1114 939 t,ur

105 944 226 1009 muniti
250 945 422 1008 advorsum
444 943 531 1008 host
507 947 550 1008 t1s
573 966 640 1009 non
658 945 827 1010 moenibus
846 945 942 1010 modo
962 950 996 1010 et
1015 945 1114 1009 armis

105 1037 207 1116 atque
230 1032 319 1115 viris,
341 1053 454 1096 verum
477 1032 577 1097 etiam
600 1033 704 1098 multo
728 1033 833 1134 magis
856 1033 1002 1098 locorum
1026 1055 1114 1116 aspe-

103 1121 214 1186 ritate.
265 1142 342 1184 nam
372 1124 503 1204 praeter
534 1121 668 1205 oppido
685 1117 868 1205 propinqua
904 1120 968 1185 alia
1005 1121 1151 1185 omnias

104 1213 179 1274 vast
180 1231 200 1272 a
165 1207 354 1290 tinculta,
377 1208 507 1292 egentia
530 1230 640 1293 aquae,
663 1208 762 1275 infest
748 1213 783 1273 ta
796 1209 1015 1309 serpentibus,
1039 1230 1114 1292 qua-

105 1319 180 1361 rum
202 1296 251 1360 vis
275 1296 372 1361 sicuti
392 1296 538 1361 omnium
555 1296 724 1361 ferarum
714 1297 825 1380 mopia
844 1297 908 1361 cibi
927 1297 1040 1362 aanor.
1074 1297 1114 1360 ad

104 1385 169 1450 hoc
182 1387 300 1449 natura
318 1385 518 1468 serpentium
535 1384 608 1468 ipsa
620 1384 804 1468 perniciosa
822 1385 879 1449 siti
897 1385 1001 1470 magis
1017 1406 1114 1469 quam

106 1473 173 1538 alia
199 1494 233 1536 re
265 1473 459 1537 accenditur.
509 1472 577 1537 eius
609 1471 759 1556 potiundi
789 1471 931 1537 Marium
962 1491 1152 1538 maxumas

106 1560 223 1644 cupido
245 1559 423 1644 invaserat,
455 1582 529 1625 cum
555 1565 690 1644 propter
716 1582 811 1625 usum
838 1560 916 1624 belli
943 1565 1015 1625 tum
1039 1561 1115 1643 quia

106 1670 159 1713 res
192 1669 307 1732 aspera
339 1648 510 1713 videbatur
541 1653 575 1713 et
606 1647 758 1712 Metellus
791 1648 946 1732 oppidum
977 1648 1114 1713 Thalam

106 1758 227 1821 magna
249 1735 356 1821 gloria
379 1740 522 1820 ceperat,
548 1736 635 1800 haud
658 1736 861 1800 dissimiliter
889 1737 990 1800 situm
1013 1736 1115 1800 muni·

107 1829 255 1907 tumque,
281 1824 352 1889 nisi,
370 1824 458 1908 quod
480 1824 565 1908 apud
586 1823 724 1889 Thalam
745 1847 812 1889 non
833 1825 930 1910 longe
954 1847 973 1889 a
996 1825 1113 1889 moeni·

105 1913 168 1977 bus
192 1913 319 1996 aliquot
341 1911 449 1977 fontes
472 1917 578 1996 erant,
606 1910 784 1997 Capsenses
808 1935 873 1977 una
895 1914 992 1977 modo
1016 1918 1114 1996 atque
1195 1933 1197 1936 ⁴

107 2010 145 2065 ea
167 2001 255 2065 intra
277 2000 432 2084 oppidum
454 2000 524 2085 iugi
547 2022 644 2085 aqua,
667 2004 775 2065 cetera
796 2000 907 2084 pluvia
929 2002 1114 2065 utebantur,

106 2089 140 2153 id
163 2088 272 2171 ibique
296 2088 386 2153 etin
409 2088 497 2152 omni
520 2087 646 2171 Africa,
674 2110 756 2171 quae
782 2089 897 2171 procul
920 2110 940 2151 a
962 2089 1045 2151 mari
1067 2088 1149 2154 ιιι-ι

108 2176 227 2240 cultius
251 2176 379 2261 agebat,
403 2198 440 2241 eo
463 2175 591 2240 facilius
614 2176 831 2258 tolerabatur,
855 2175 930 2258 quia
952 2174 1113 2240 Numidae

106 2265 296 2348 plerumque
319 2264 404 2328 laete
427 2268 461 2328 et
478 2263 583 2327 ferina
606 2285 700 2328 carne
719 2263 932 2329 vescebantur
955 2267 988 2327 et
1010 2284 1113 2347 neque

107 2353 209 2417 salem
230 2373 335 2435 neque
358 2350 422 2415 alia
443 2351 654 2415 inritamenta
672 2351 767 2436 gulae
787 2350 998 2435 quaerebant:
1022 2351 1112 2415 cibus
1132 2368 1149 2417 8

108 2441 175 2505 illis
199 2440 355 2505 advorsus
378 2437 498 2503 famem
520 2442 619 2523 atque
642 2439 741 2524 sitim,
763 2461 830 2504 non
851 2439 989 2504 lubidini
1009 2461 1113 2522 neque

107 2529 252 2593 luxuriae
277 2530 356 2592 erat.
387 2527 489 2612 igitur
508 2527 620 2592 consul
640 2528 789 2592 omnibus
809 2528 996 2612 exploratis,
1019 2528 1113 2592 credo
1123 2529 1169 2592 90

107 2617 157 2681 dis
188 2614 292 2680 fretus
326 2611 416 2700 (nam
448 2620 561 2681 contra
591 2620 700 2681 tantas
733 2615 944 2680 difficultates
977 2615 1112 2680 consilio

107 2704 189 2768 satis
212 2703 381 2788 providere
408 2725 475 2768 non
501 2725 543 2787 po
545 2708 645 2787 terat,
676 2703 860 2787 quippet
827 2704 927 2767 etiam
957 2702 1113 2766 frumenti

106 2792 218 2892 inopia
240 2795 346 2875 tempt
332 2792 425 2856 tabat
411 2795 473 2874 t,ur
497 2791 573 2873 quia
585 2790 746 2855 Numidae
760 2790 880 2874 pabulo
904 2790 1029 2874 pecoris
1048 2812 1114 2853 ma-

108 2881 158 2980 gis
182 2901 280 2964 quam
304 2901 380 2944 arvo
404 2842 536 2944 student
559 2883 592 2942 et
615 2879 839 2962 quodcumque
861 2883 976 2942 natum
997 2877 1114 2963 fuerat,

106 2969 198 3033 iussu
224 2967 312 3052 regis
338 2967 374 3031 in
400 2962 473 3032 loca
499 2967 625 3031 munita
652 2971 728 3031 cont
714 2967 868 3051 tulerant,
899 2988 977 3052 ager
1004 2929 1114 3030 auteni

107 3056 273 3120 ariduset
259 3055 427 3140 tfrugum
450 3076 569 3120 vacuos
590 3076 630 3119 ea
652 3017 868 3206 tempestatei
877 3077 955 3119 nam
978 3056 1113 3119 aestatis

107 3147 288 3208 extremum
311 3139 404 3228 erat),
427 3147 538 3207 tamen
559 3164 619 3228 pro
637 3143 684 3206 rei
703 3144 796 3227 copia
810 3148 861 3207 sat
863 3143 891 3206 is
906 3144 1078 3227 provident
1080 3164 1114 3206 er

107 3235 251 3296 exornat.
269 3252 368 3315 pecus
388 3252 491 3312 omne,
511 3231 597 3313 quod
615 3231 835 3315 superioribus
850 3231 962 3295 diebus
976 3231 1113 3314 praedae
1133 3247 1149 3295 2

106 3318 223 3402 fuerat,
238 3318 402 3401 equitibus
417 3317 596 3382 auxiliariis
612 3319 776 3403 agundum
791 3318 957 3401 adtribuit,
971 3317 1010 3382 A.
1024 3317 1113 3381 Man-

106 3407 187 3471 lium
214 3407 360 3492 legatum
388 3428 462 3471 cum
489 3405 678 3471 cohortibus
707 3406 864 3490 expeditis
895 3406 935 3469 ad
959 3405 1113 3488 oppidum
1167 3458 1169 3462 ,
1260 3401 1262 3405 ’

105 3493 215 3579 Laris,
246 3493 303 3558 ubi
335 3493 532 3577 stipendium
559 3497 593 3558 et
620 3498 825 3558 conmeatum
854 3493 1034 3578 locaverat,
1066 3493 1113 3557 ire

104 3582 197 3648 iubet
233 3581 375 3665 dicitque
412 3603 446 3646 se
482 3581 745 3666 praedabundum
780 3585 857 3664 post
886 3601 1007 3666 paucos
1045 3581 1113 3645 dies
