2542 4192
199 259 245 323 18
530 255 558 314 0.
579 257 748 312 SALLUSTI
767 257 881 329 calori

162 407 420 488 cinterrogatus
445 406 516 466 erat
539 403 579 466 ab
599 400 635 465 L.
649 401 761 466 Paulo.
793 406 960 486 postremo
985 402 1214 468 dissimulandi

199 513 297 559 causa
311 495 367 554 aut
382 490 433 553 sui
443 490 650 574 expurgandi,
665 490 749 554 sicut
760 489 867 575 iurgio
881 490 1052 554 lacessitus
1068 490 1162 574 foret,
1177 492 1215 556 in

164 595 181 643 6
201 583 349 644 senatum
371 578 469 640 venit.
515 582 586 640 tum
609 577 653 640 M.
676 577 803 641 Tullius
824 577 949 659 consul,
973 577 1040 641 sive
1062 600 1213 662 praesen-

199 668 281 731 tiam
304 667 373 730 eius
396 666 514 729 timens
535 665 601 728 sive
620 665 671 728 ira
690 669 870 747 conmotus,
893 665 1074 729 orationem
1094 666 1215 730 habuit

200 755 399 820 luculentam
427 758 525 836 atque
551 753 667 816 utilem
697 752 744 815 rei
771 753 934 836 publicae,
967 773 1064 835 quam
1095 758 1215 837 postea

165 859 180 906 7
202 843 358 925 scriptam
381 841 490 905 edidit.
524 841 579 904 sed
601 840 659 904 ubi
681 840 737 903 ille
757 840 891 922 adsedit,
915 839 1064 922 Catilina,
1082 846 1121 905 ut
1139 846 1214 905 erat

200 934 334 1014 paratus
358 931 398 993 ad
422 928 656 993 dissimulanda
679 927 800 1010 omnia,
833 927 973 991 demisso
1008 929 1100 992 voltu
1131 951 1213 994 voce

201 1018 341 1101 supplici
367 1017 533 1100 postulare
564 1038 583 1079 a
610 1015 759 1098 patribus
788 1014 909 1098 coepit,
940 1037 980 1078 ne
1008 1015 1086 1098 quid
1114 1018 1152 1081 de
1175 1039 1212 1081 se

201 1110 323 1170 temere
347 1105 526 1168 crederent:
550 1124 588 1167 ea
611 1102 735 1166 familia
759 1106 876 1185 ortum,
907 1103 956 1166 ita
979 1125 1013 1167 se
1036 1104 1076 1166 ab
1105 1105 1213 1168 adule-

202 1194 327 1258 scentia
339 1193 442 1256 vitam
455 1191 646 1274 instituisse,
665 1194 702 1254 ut
716 1191 825 1255 omnia
838 1191 924 1254 bona
942 1190 978 1253 in
992 1213 1047 1274 spe
1065 1191 1212 1256 haberet.

201 1303 241 1345 nc
269 1281 503 1343 existumarent
526 1278 604 1361 sibi,
634 1278 773 1362 patricio
805 1278 948 1361 homini,
983 1279 1074 1343 cuius
1106 1280 1212 1363 ipsius

202 1372 299 1450 atque
323 1367 483 1431 maiorum
504 1366 657 1451 pluruma
670 1366 820 1431 benificia
833 1366 868 1430 in
886 1367 1015 1450 plebem
1029 1367 1214 1432 Romanam

201 1460 319 1538 essent,
341 1456 471 1539 perdita
488 1455 669 1538 republica
687 1477 767 1538 opus
787 1476 867 1538 esse,
886 1477 960 1519 cum
976 1477 1048 1519 eam
1067 1459 1213 1519 servaret

166 1559 183 1608 8
202 1545 246 1608 M.
260 1544 394 1627 Tullius,
416 1543 595 1626 inquilinus
619 1543 698 1607 civis
716 1544 807 1607 urbis
822 1543 954 1607 Romae.
985 1543 1105 1608 adhoc
1125 1543 1212 1606 male

203 1633 290 1697 dicta
313 1633 378 1695 alia
400 1632 473 1695 cum
497 1631 637 1712 adderet,
661 1630 848 1712 obstrepere
872 1652 993 1712 omnes,
1015 1631 1145 1695 hostem
1164 1635 1214 1694 at-

167 1735 264 1801 oque
283 1718 479 1800 parricidam
497 1738 620 1780 vocare.
658 1720 728 1779 tum
751 1715 805 1778 illo
828 1716 1021 1780 furibundus
1045 1716 1215 1800 ‘quoniam

203 1805 332 1888 quidem
365 1802 613 1867 circumventus’
650 1802 757 1884 inquit
793 1801 845 1865 ‘ab
882 1802 1022 1867 inimicis
1055 1826 1214 1888 praeceps

147 1892 191 1956 32
203 1914 295 1977 agor,
318 1891 501 1955 incendium
519 1912 632 1953 mcum
654 1890 748 1953 ruina
770 1889 992 1974 restinguam'.
1038 1891 1151 1954 deinde
1176 1915 1214 1956 se

202 2002 242 2043 ex
265 1980 355 2044 curia
378 1981 509 2043 domum
531 1977 703 2061 proripuit.
735 1977 782 2040 ibi
805 1978 910 2041 multa
927 1978 997 2060 ipse
1017 1999 1126 2042 secum
1144 1979 1214 2042 vol-

202 2090 293 2151 vens,
321 2068 406 2151 quod
433 2087 537 2149 neque
564 2065 701 2129 insidiae
725 2065 849 2130 consuli
872 2066 1089 2149 procedebant
1112 2071 1146 2129 et
1169 2067 1213 2130 ab

202 2156 350 2221 incendio
365 2155 577 2239 intellegebat
590 2155 705 2218 urbem
718 2153 841 2238 vigiliis
856 2153 1024 2236 munitam,
1041 2158 1213 2237 optumum

202 2245 292 2310 factu
312 2245 442 2308 credens
463 2242 777 2326 exercitum0augere
796 2263 834 2306 ac
847 2243 1051 2325 priusquam
1065 2242 1212 2326 legiones

204 2333 432 2411 scriberentur,
455 2331 559 2392 multa
578 2333 777 2412 antecapere,
797 2351 878 2412 quae
897 2329 983 2393 bello
1002 2330 1076 2393 usui
1093 2329 1212 2414 forent,

168 2459 171 2467 =
202 2422 298 2482 nocte
321 2418 519 2499 intempesta
542 2439 615 2479 cum
633 2416 745 2498 paucis
769 2417 803 2479 in
821 2416 987 2480 Manliana
1010 2423 1117 2481 castra
1139 2438 1212 2500 pro-

166 2506 307 2570 2fectus
341 2508 399 2567 cst.
447 2504 503 2567 sed
536 2502 679 2587 Cethego
716 2507 815 2586 atque
846 2503 985 2568 Lentulo
1023 2505 1212 2589 ceterisque,

204 2614 342 2676 quorum
365 2595 562 2676 cognoverat
575 2594 761 2674 promptam
784 2592 961 2674 audaciam,
980 2593 1121 2675 mandat,
1142 2592 1212 2675 qui-

202 2682 264 2745 bus
287 2681 384 2745 rebus
407 2683 551 2763 possent,
576 2701 653 2761 opes
675 2678 828 2743 factionis
852 2681 1052 2762 confirment,
1075 2680 1211 2744 insidias

204 2769 330 2834 consuli
353 2772 530 2850 maturent,
561 2768 691 2831 caedem
714 2767 862 2831 incendia
884 2768 1013 2854 aliaque¹
1033 2767 1112 2831 belli
1134 2767 1213 2832 faci-

202 2853 284 2921 nora
305 2861 435 2938 parent:
458 2877 527 2919 sese
549 2876 651 2939 prope
675 2854 761 2918 diem
780 2877 852 2919 cum
870 2876 989 2940 magno
1008 2855 1151 2919 exercitu
1170 2856 1213 2920 ad

203 2945 318 3006 urbem
341 2965 553 3008 accessurum.

167 3045 184 3093 3
269 3029 356 3094 Dum
383 3030 462 3093 hacc
489 3030 612 3093 Romae
646 3034 815 3113 gerimtur,
848 3029 882 3094 Ο.
906 3030 1047 3095 Manlius
1079 3053 1119 3097 cx
1151 3053 1212 3095 suo

202 3141 337 3183 numero
360 3119 488 3202 legatos
512 3119 552 3181 ad
570 3117 730 3181 Marcium
752 3117 876 3202 Regem
899 3119 1004 3182 mittit
1027 3140 1101 3183 cum
1123 3141 1212 3183 man-

204 3208 289 3271 datis
311 3206 446 3270 huiusce
469 3205 570 3268 modi:

149 3295 194 3358 33
271 3294 369 3358 ‘Deos
392 3294 603 3375 hominesque
626 3297 794 3377 testamur,
817 3294 1007 3377 imperator,
1036 3315 1097 3358 nos
1121 3316 1212 3358 arma

202 3405 306 3466 neque
322 3387 435 3446 contra
453 3381 593 3464 patriam
609 3381 731 3463 cepisse
745 3402 849 3464 neque
864 3403 928 3464 quo
942 3383 1122 3465 periculum
1137 3382 1212 3446 aliis

203 3471 390 3553 faceremus,
406 3470 461 3534 sed
475 3469 525 3533 uti
540 3491 675 3552 corpora
688 3473 802 3533 nostra
816 3469 856 3532 ab
870 3470 989 3533 iniuria
1007 3474 1081 3534 tuta
1093 3469 1211 3552 forent,

204 3558 261 3640 qui
283 3558 394 3621 miseri
417 3561 549 3643 egentes
568 3557 724 3622 violentia
745 3560 842 3642 atque
861 3558 1051 3622 crudelitate
1069 3557 1212 3622 faenera-
