2542 4192
263 279 411 334 BELLUM
428 279 687 336 IUGURTHINUM
705 297 728 336 c.
749 287 812 336 79-
818 287 860 335 82
1026 282 1070 346 97

58 446 129 489 rem
138 424 465 527 opportunissumam
482 425 612 509 incepto
625 425 712 489 bello
731 447 827 511 pauor
817 424 1070 510 inpediverant

58 512 149 579 caeci
176 512 326 597 avaritia,
359 512 432 596 quis
466 512 575 578 omnia
605 513 805 578 honestat
771 537 791 577 a
791 517 868 598 tque
896 513 1069 578 inhonesta

58 600 197 666 vendere
216 621 287 664 mos
307 563 470 665 chatet
460 623 527 665 ram
546 604 602 664 ant
604 623 642 665 ea
654 600 772 687 Iugurt
758 601 834 666 thae
852 601 922 665 filia
937 600 1105 667 Bocchoo

58 692 224 772 nupserat.
265 709 377 752 verum
401 711 439 753 ea
459 689 665 753 necessitudo
688 690 774 774 apud
796 689 956 754 Numidas
980 689 1070 754 Mau-

59 798 179 860 rosque
201 776 282 840 levis
306 777 443 861 ducitur,
467 777 543 860 quia
566 777 687 862 singuli
708 799 768 861 pro
792 777 908 861 opibus
933 777 1069 861 quisque

61 887 160 948 quam
182 864 350 948 plurumas
373 886 504 949 uxores,
531 865 629 929 denas
653 865 710 930 alii
734 865 789 930 alii
812 865 915 948 pluris
937 864 1070 951 habent,

59 954 118 1018 sed
149 973 243 1037 reges
275 974 313 1017 eo
345 952 493 1037 amplius.
541 953 591 1017 ita
618 952 744 1018 animus
772 953 979 1018 multitudine
1007 953 1106 1020 dis-'1

60 1041 219 1105 trahitur:
241 1040 332 1105 nulla
354 1062 413 1124 pro
437 1040 526 1106 socia
549 1041 686 1126 optinet,
707 1041 831 1126 pariter
854 1062 965 1106 omnes
988 1042 1069 1106 viles

59 1133 147 1193 sunt.
199 1128 303 1213 igitur
333 1128 369 1192 in
400 1130 508 1193 locum
536 1130 694 1194 ambobus
726 1129 884 1213 placitum
907 1129 1068 1194 exercitus
1079 1131 1120 1196 81

59 1216 266 1283 conveniunt.
299 1217 347 1281 ibi
369 1217 432 1280 fide
456 1217 533 1281 data
556 1222 589 1282 et
612 1222 747 1301 accepta
768 1217 929 1303 Iugurtha
947 1216 1070 1282 Bocchi

60 1305 207 1369 animum
237 1305 384 1369 oratione
417 1305 575 1369 accendit:
612 1305 777 1370 Romanos
809 1306 962 1390 iniustos,
997 1326 1071 1389 pro·

61 1392 163 1456 funda
182 1392 327 1476 avaritia,
347 1392 527 1457 communis
547 1393 691 1456 omnium
708 1393 814 1458 hostis
833 1415 918 1477 esse3
936 1394 1070 1457 eandem

60 1480 137 1544 illos
161 1501 292 1545 causam
314 1480 393 1545 belli
416 1491 489 1546 curn
515 1479 646 1545 Boccho
673 1481 806 1565 habere,
833 1503 931 1564 quam
961 1503 1071 1546 secum

63 1572 99 1632 et
127 1590 201 1632 cum
234 1569 306 1632 aliis
338 1568 500 1654 gentibus,
532 1568 711 1632 lubidinem
742 1569 964 1653 imperitandi,
997 1569 1070 1651 quis

60 1656 173 1721 omnia
195 1678 296 1742 regna
319 1658 455 1721 advorsa
478 1657 558 1742 sint,
585 1660 656 1720 tum
680 1678 758 1742 sese,
781 1656 879 1740 paulo
903 1661 978 1721 ante
995 1655 1071 1721 Oar-

60 1744 292 1829 thaginiensis,
323 1744 404 1809 item
437 1765 548 1830 regem
579 1744 714 1830 Persen,
745 1749 823 1829 post
853 1745 904 1808 uti
934 1744 1070 1828 quisque

61 1832 339 1915 opulentissumus
358 1832 514 1917 videatur,
532 1832 581 1897 ita
598 1832 755 1898 Romanis
772 1833 903 1898 hostem
921 1832 1000 1897 fore.
1024 1833 1070 1896 eis
1089 1849 1108 1898 2

61 1924 161 2004 atque
185 1919 257 1984 aliis
280 1921 402 1985 talibus
426 1921 520 1985 dictis
544 1921 585 1985 ad
599 1920 724 1986 Cirtam
743 1922 898 2006 oppidum
914 1921 979 1986 iter
998 1942 1071 1985 con-

61 2008 215 2091 stituunt,
238 2009 324 2091 quod
345 2009 484 2092 ibi[que]
508 2007 660 2074 Metellus
682 2010 836 2092 praedam
860 2009 1070 2092 captivosque

61 2099 98 2160 et
111 2095 333 2179 inpedimenta
346 2097 518 2160 locaverat.
550 2097 598 2160 ita
611 2095 773 2182 Iugurtha
788 2100 879 2161 ratus
899 2099 956 2160 aut
974 2100 1071 2178 capta
1089 2115 1106 2164 3

61 2184 144 2249 urbe
167 2205 283 2267 operae
301 2184 443 2268 pretium
461 2184 531 2248 fore
550 2188 615 2269 aut,
639 2185 667 2248 si
686 2185 749 2248 dux
763 2183 930 2248 Romanus
949 2183 1070 2247 auxilio

62 2271 132 2336 suis
154 2272 312 2357 venisset,
343 2273 469 2356 proelio
497 2293 566 2336 sese
595 2276 786 2337 certaturos,
829 2293 905 2336 nam
933 2270 1107 2339 callidus4

61 2360 97 2425 id
116 2360 212 2424 modo
231 2359 417 2444 festinabat,
435 2359 558 2424 Bocchi
571 2381 684 2443 pacem
697 2360 886 2444 inminuere,
903 2381 944 2424 ne
960 2380 1070 2424 moras

62 2448 219 2533 agitando
243 2448 330 2513 aliud
353 2470 450 2532 quam
473 2449 596 2513 bellum
618 2449 760 2513 mallet

130 2534 314 2619 Imperator
335 2541 510 2621 postquam
533 2537 571 2601 de
590 2558 704 2623 regum
728 2537 884 2602 societate
907 2537 1126 2622 cognoram
1233 2561 1235 2565 ’

63 2645 131 2688 ιιοιι
148 2628 269 2689 temere
291 2646 403 2709 neque,
425 2625 476 2689 uti
499 2646 594 2708 saepe
616 2624 683 2688 iam
704 2625 792 2690 victo
814 2624 983 2710 Iugurtha,
998 2646 1071 2689 con-

64 2716 223 2796 suererat,
246 2713 397 2777 omnibus
420 2712 502 2777 locis
524 2712 690 2798 pugnandi
713 2713 840 2796 copiam
862 2711 950 2777 facit.
988 2716 1071 2776 cete-

63 2821 138 2864 rum
164 2799 249 2864 haud
272 2801 385 2884 procul
408 2801 449 2864 ab
473 2799 565 2866 Cirta
593 2800 708 2864 castris
736 2800 870 2863 munitis
898 2820 991 2885 reges
1015 2821 1071 2883 op·

62 2887 198 2972 peritur,
221 2889 336 2953 melius
355 2910 424 2952 esse
443 2892 533 2952 ratus
553 2888 693 2973 cognitis
712 2887 845 2971 Mauris,
869 2888 1022 2970 quoniam
1040 2887 1070 2951 is

62 2996 167 3041 novos
189 2975 295 3040 hostis
319 2977 511 3059 adoesserat,
534 2998 573 3040 ex
596 2976 764 3040 commodo
788 2997 932 3061 pugnam
954 2975 1070 3041 facere.

63 3063 196 3127 interim
219 3063 325 3129 Roma
347 3087 405 3148 per
427 3064 555 3128 litteras
579 3064 759 3129 certior‘fit
781 3064 982 3148 provinciam
1002 3063 1106 3129 Nus

63 3151 198 3215 midiam
216 3151 321 3217 Mario
341 3154 465 3236 datam3
486 3173 563 3217 nam
587 3152 751 3217 consulem
773 3151 899 3217 factum
922 3155 997 3216 ante
1021 3173 1071 3216 ao-

64 3243 203 3322 ceperat.
249 3241 367 3323 quibus
399 3240 496 3305 rebus
529 3261 627 3324 supra
657 3241 780 3305 bonum
812 3244 869 3304 aut
895 3240 1070 3304 honestum

62 3328 230 3410 perculsus
252 3349 357 3412 neque
380 3329 541 3393 lacrumas
564 3332 674 3393 tenere
696 3349 800 3410 neque
827 3327 988 3392 moderari
1010 3327 1070 3389 lin-

63 3435 175 3501 guam,
207 3415 258 3480 vir
289 3417 439 3567 egregius
471 3417 506 3480 in
537 3417 609 3481 aliis
643 3416 767 3480 artibus
796 3415 894 3479 nimis
926 3414 1033 3478 mollit
1019 3418 1071 3477 ter

62 3503 301 3589 aegritudinem
323 3505 401 3588 pati.
443 3525 540 3605 quam
562 3525 632 3568 rem
655 3503 743 3568 alii
734 3526 769 3567 1n
792 3501 977 3587 superbiam
999 3519 1106 3568 vor-3

62 3592 187 3677 tabant,
206 3592 263 3656 alii
276 3592 420 3657 bonum
411 3593 577 3679 mgenium
592 3595 667 3657 cont
653 3591 788 3656 tumelia
807 3612 977 3671 accensum
991 3611 1071 3667 esse,

117 3703 132 3746 S
135 3715 275 3747 ssssssss
947 3703 963 3748 ⁷
