2542 4192
225 276 266 338 10
550 271 577 328 C.
598 272 768 328 SALLUSTI
788 272 902 328 CRISPI

187 433 343 503 amagna
370 418 513 503 praemia
543 418 776 484 coniurationis
804 419 926 483 dooere.
975 417 1033 481 ubi
1065 421 1146 484 satis
1179 443 1232 484 ex-

221 506 351 589 plorata
378 511 454 571 sunt
483 528 564 590 quae
590 507 707 589 voluit,
738 507 774 570 in
800 528 900 569 unum
928 506 1033 570 omnis
1064 513 1231 592 convocat,

222 595 338 676 quibus
362 617 514 658 maxuma
531 594 735 658 necessitudo
755 598 788 658 et
806 594 993 676 plurumum
1012 596 1164 660 audaciae
1182 597 1230 659 in-

185 698 201 744 3
221 686 300 746 erat.
338 705 374 747 eo
395 704 571 748 convenere
590 682 746 747 senatorii
766 682 887 746 ordinis
906 679 941 745 P.
960 680 1117 747 Lentulus
1138 682 1230 766 Sura,

220 769 256 833 P.
274 768 465 854 Autronius,
487 769 524 834 L.
543 769 675 835 Cassius
693 768 871 854 Longinus,
894 768 928 835 C.
948 768 1122 855 Cethegus,
1140 771 1175 835 P.
1195 776 1230 836 et

222 856 288 922 Ser.
314 857 423 923 Sullae
452 857 518 923 Ser.
541 858 615 939 filii,
641 857 677 921 L.
701 857 936 942 Vargunteius,
961 857 997 933 Q.
1021 857 1160 942 Annius,
1184 858 1229 922 M.

184 945 354 1010 4Porcius
382 945 500 1031 Laeca,
532 945 568 1010 L.
595 945 721 1028 Bestia,
754 945 791 1021 Q.
819 945 949 1028 Curius,
985 950 1153 1029 praeterea
1189 969 1230 1010 cx

220 1035 363 1117 equestri
387 1035 497 1099 ordine
521 1033 564 1097 M.
587 1033 721 1098 Fulvius
744 1032 910 1116 Nobilior,
937 1032 973 1097 L.
998 1031 1164 1118 Statilius,
1192 1033 1229 1099 P.

221 1121 378 1187 Gabinius
403 1121 529 1205 Capito,
553 1120 587 1185 C.
612 1121 795 1206 Cornelius3
818 1121 942 1186 adhoc
966 1121 1062 1185 multi
1085 1143 1124 1186 ex
1143 1123 1229 1187 colo-

184 1210 283 1274 cniis
307 1214 340 1275 et
363 1209 547 1292 municipiis
571 1210 659 1273 domi
680 1210 816 1274 nobiles.
858 1213 950 1274 erant
968 1213 1136 1293 praetcrea
1155 1232 1229 1274 con-

218 1298 327 1380 plures
354 1299 452 1381 paulo
483 1297 641 1362 occultius
670 1296 785 1362 consili
812 1297 946 1361 huiusce
973 1298 1148 1380 participes
1171 1320 1229 1362 00-

219 1385 310 1467 biles,
334 1407 415 1468 quos
439 1385 543 1471 magis
565 1385 796 1450 dominationis
820 1408 893 1469 spes
916 1386 1110 1451 hortabatur
1129 1407 1226 1469 quam

182 1473 329 1557 cinopia
359 1478 416 1538 aut
439 1473 503 1537 alia
525 1473 738 1538 necessitudo.
785 1478 928 1538 ceterum
950 1474 1100 1540 iuventus
1124 1474 1227 1557 plera-

219 1583 280 1644 que
309 1563 364 1627 sed
387 1583 535 1626 maxume
558 1561 717 1625 nobilium
741 1560 900 1628 Catilinae
923 1562 1062 1645 inceptis
1081 1562 1227 1626 favebat:

157 1651 159 1656 ’
218 1651 336 1732 quibus
359 1651 394 1712 in
417 1650 484 1714 otio
508 1648 559 1713 vel
582 1650 752 1733 magnifice
775 1650 825 1713 vel
844 1649 988 1713 molliter
1005 1651 1113 1713 vivere
1133 1650 1228 1733 copia

217 1743 298 1821 erat,
315 1739 440 1802 incerta
457 1759 517 1820 pro
539 1737 645 1819 certis,
664 1735 786 1799 bellum
805 1751 1033 1819 quam'pacem
1052 1737 1227 1801 malebant.

183 1823 308 1888 afuere
336 1825 417 1889 item
444 1846 483 1888 ea
510 1827 705 1907 tempestate
728 1823 785 1906 qui
807 1824 973 1887 crederent
996 1821 1039 1886 M.
1063 1822 1228 1888 Licinium

219 1911 373 1976 Crassum
403 1934 470 1977 000
500 1912 652 1997 ignarum
679 1911 747 1976 eius
776 1910 890 1975 consili
917 1909 1031 1974 fuisse:
1064 1911 1140 1993 quia
1168 1911 1228 1977 Cn.

218 1999 406 2085 Pompeius,
432 2000 556 2065 invisus
579 1999 656 2082 ipsi,
684 2018 838 2083 magnum
861 1997 1038 2062 exercitum
1061 1999 1227 2083 ductabat,

218 2088 358 2154 cuiusvis
378 2111 455 2172 opes
474 2087 615 2153 voluisse
634 2090 748 2151 contra
765 2086 854 2151 illius
872 2086 1055 2170 potentiam
1074 2108 1227 2170 crescere,

218 2177 315 2241 simul
348 2178 517 2260 confisum,
550 2175 578 2240 si
610 2174 790 2240 coniuratio
817 2174 986 2258 valuisset,
1017 2173 1112 2238 facile
1140 2176 1227 2257 apud

216 2264 291 2329 illos
314 2265 493 2347 principem
517 2285 550 2328 sc
573 2263 652 2328 fore.

166 2354 207 2417 18
285 2350 348 2414 Sed
371 2356 467 2415 antea
488 2351 569 2415 item
593 2350 799 2414 coniuravere
822 2352 917 2433 pauci
941 2353 1055 2415 eontra
1077 2373 1145 2415 rem
1168 2373 1225 2433 pu·

182 2453 198 2501 2
217 2437 345 2521 blicam,
363 2439 398 2502 in
417 2438 534 2521 quibus
549 2435 691 2500 Catilina
704 2437 775 2500 fuit.
803 2437 841 2500 de
856 2459 1031 2521 quaquam
1047 2439 1224 2502 verissume

216 2529 331 2608 potero
360 2526 474 2590 dicam.
519 2524 556 2587 L.
578 2523 673 2588 Tullo
701 2528 734 2587 et
756 2523 809 2588 Μ’.
831 2522 953 2608 Lepido
978 2526 1164 2590 oonsulibus
1187 2524 1224 2589 P.

218 2613 398 2678 Autronius
422 2616 455 2678 et
477 2611 512 2676 P.
537 2610 628 2677 Sulla
651 2612 813 2697 designati
836 2612 984 2677 consules
1007 2613 1135 2698 legibus
1159 2622 1225 2676 am-

181 2702 306 2766 abitus
333 2701 528 2786 interrogati
555 2722 675 2785 poenas
703 2699 865 2765 dederant.
910 2704 986 2784 post
1013 2700 1111 2783 paulo
1136 2699 1224 2766 Cati-

217 2790 284 2854 lina
315 2789 525 2872 pecuniarum
556 2789 806 2873 repetundarum
838 2810 911 2852 reus
940 2788 1125 2870 prohibitus
1153 2792 1225 2851 crat

218 2878 422 2942 consulatum
444 2881 563 2960 petere,
587 2877 673 2960 quod
690 2877 778 2941 intra
794 2876 970 2961 legitumos
990 2876 1056 2941 dics
1075 2876 1233 2959 profiteri·

184 2965 371 3047 tnequirit.
421 2968 491 3028 erat
518 2965 630 3028 eodem
655 2969 801 3048 tempore
828 2963 885 3030 Cn.
913 2962 1004 3047 Piso,
1036 2963 1224 3028 adulescens

216 3051 350 3135 nobilis,
379 3073 524 3116 summae
551 3052 717 3135 audaciae,
744 3073 842 3137 egens
865 3051 1036 3135 factiosus,
1064 3052 1224 3134 quemad

217 3139 469 3224 perturbandam
491 3161 560 3204 rem
582 3140 747 3222 publicam
769 3139 879 3223 inopia
903 3143 1000 3222 atque
1019 3139 1097 3203 mali
1115 3160 1224 3203 mores

181 3244 198 3292 5
218 3228 441 3292 stimulabant.
487 3249 560 3292 cum
583 3227 645 3293 hoo
669 3227 811 3292 Catilina
833 3230 866 3290 ct
889 3226 1069 3291 Autronius
1093 3227 1225 3291 circiter

216 3337 319 3380 nonas
347 3314 536 3381 Decembris
570 3315 704 3379 consilio
736 3314 973 3379 communicato
1000 3315 1161 3397 parabant
1188 3314 1225 3377 in

217 3402 380 3487 Capitolio
403 3403 550 3468 kalendis
573 3401 732 3466 Ianuariis
755 3401 792 3466 L.
815 3401 947 3466 Cottam
971 3406 1004 3466 et
1026 3401 1062 3466 L.
1081 3402 1224 3485 Torqua-

216 3495 287 3555 tum
311 3491 458 3556 consules
481 3490 671 3572 interficere,
694 3490 757 3573 ipsi
781 3488 923 3553 fascibus
951 3490 1109 3572 correptis
1132 3487 1225 3554 Piso·

215 3600 291 3643 nem
305 3601 378 3643 cum
392 3577 535 3644 exercitu
549 3577 589 3641 ad
604 3577 794 3663 optinendas
807 3577 885 3641 duas
895 3575 1071 3660 Hispanias
1082 3577 1226 3643 mittere.
