2542 4192
188 292 230 359 88
517 289 546 344 Ο.
566 288 737 345 SALLUSTI
757 288 872 344 ORISPI

187 437 304 504 Uticae
332 439 415 518 erat,
448 434 621 500 criminose
655 434 752 499 simul
785 437 818 497 ct
845 433 1018 517 magnifice
1045 435 1085 498 de
1113 435 1206 502 bello

186 525 292 608 loqui:
323 523 456 587 dimidia
488 544 563 606 pars
597 523 756 587 exercitus
790 521 819 585 si
851 521 915 585 sibi
946 522 1207 608 permitteretur,

186 612 299 698 paucis
332 612 445 676 diebus
475 609 670 695 Iugurtham
702 610 737 674 in
770 609 892 674 catenis
920 608 1127 695 habiturum3
1161 613 1206 677 ab

187 702 383 784 imperatore
403 698 552 764 consulto
572 699 668 782 trahi,
692 697 778 781 quod
796 697 894 761 homo
913 697 1020 761 inanis
1039 701 1072 762 et
1091 699 1206 784 regiae

153 788 359 872 csuperbiae
385 787 523 870 imperio
553 786 651 850 nimis
675 786 839 870 gauderet.
887 806 968 867 quae
997 785 1106 850 omnia
1134 787 1206 852 illis

188 898 226 942 eo
249 875 394 941 firmiora
416 875 618 958 videbantur,
642 874 718 957 quia
740 873 954 937 diuturnitate
977 873 1057 937 belli
1080 895 1133 939 res
1158 874 1206 939 fa-

189 964 325 1028 miliaris
349 966 566 1046 conruperant
588 966 621 1026 et
649 961 757 1026 animo
780 961 924 1044 cupienti
946 961 1029 1025 nihil
1053 963 1135 1027 satis
1159 963 1206 1028 fe-

135 1051 179 1117 65
190 1053 341 1116 stinatur.
391 1055 462 1115 erat
484 1054 653 1135 praeterea
679 1049 715 1113 in
737 1049 880 1113 exercitu
910 1052 1024 1113 nostro
1057 1048 1207 1115 Numida

189 1141 322 1225 quidam
338 1139 471 1204 nominc
487 1136 608 1221 Gauda,
632 1135 869 1201 Mastanabalis
887 1135 984 1220 filius,
1007 1134 1205 1204 Masinissae

187 1250 303 1312 nepos,
333 1248 429 1310 quem
457 1224 596 1310 Micipsa
623 1229 821 1290 testamento
851 1223 1026 1289 secundum
1048 1225 1206 1291 heredem

189 1316 372 1399 scripserat,
396 1314 519 1379 morbis
544 1313 709 1378 confectus
733 1316 766 1377 et
790 1313 832 1376 ob
851 1333 923 1376 eam
938 1333 1069 1376 causam
1091 1318 1204 1379 mente

152 1404 322 1487 apaulum
343 1402 513 1467 inminuta.
560 1402 612 1466 cui
635 1399 787 1466 Metellus
810 1400 949 1484 petenti,
973 1422 1061 1465 more
1084 1422 1205 1488 regum

75 1482 84 1499 “
188 1495 227 1555 ut
250 1490 364 1555 sellam
387 1491 479 1554 iuxta
500 1493 650 1574 poneret,
673 1490 753 1553 item
775 1492 890 1571 postea
913 1488 1078 1553 custodiae
1102 1511 1206 1555 causa

188 1583 332 1643 turmam
362 1578 508 1662 equitum
537 1577 772 1660 Romanorum,
804 1580 978 1661 utrumque
1010 1582 1205 1662 negaverat:

188 1666 360 1748 honorem,
389 1667 475 1750 quod
498 1687 610 1730 eorum
633 1686 722 1730 more
745 1665 845 1747 foret,
868 1685 950 1747 quos
973 1666 1113 1749 populus
1138 1665 1205 1732 Ro·

189 1775 303 1817 manus
327 1772 420 1837 reges
440 1753 679 1837 appellavisset,
702 1752 908 1835 praesidium,
932 1754 1018 1837 quod
1036 1757 1206 1820 contume-

189 1841 309 1905 liosum
331 1841 367 1903 in
390 1862 445 1905 eos
467 1840 562 1924 foret,
586 1841 614 1904 si
637 1841 763 1924 equites
786 1839 926 1905 Romani
950 1841 1110 1906 satellites
1135 1842 1204 1908 Nu·

153 1927 294 1993 amidae
328 1928 540 1993 traderentur.
584 1929 671 1992 hunc
698 1926 822 1993 Marius
851 1929 982 1993 anxium
1010 1930 1204 2015 aggreditur

189 2020 287 2100 atque
305 2016 466 2101 hortatur,
484 2020 522 2081 ut
541 2017 811 2082 contumeliarum
830 2017 865 2081 in
878 2017 1109 2102 imperatorem
1128 2041 1206 2084 curn

189 2126 249 2171 suo
273 2105 393 2171 auxilio
416 2126 536 2190 poenas
555 2108 656 2190 petat.
685 2105 851 2170 hominem
874 2106 916 2170 ob
940 2106 1072 2172 morbos
1091 2107 1204 2172 animo

187 2215 304 2277 parum
326 2193 433 2258 valido
457 2194 597 2259 secunda
619 2193 765 2259 oratione
789 2193 933 2258 extollit:
964 2194 1059 2258 illum
1081 2215 1204 2280 regem,

188 2281 357 2366 ingentem
375 2281 490 2364 virum,
504 2279 697 2345 Masinissae
716 2285 869 2365 nepotem
887 2303 974 2367 esse3
997 2282 1025 2346 si
1039 2281 1204 2368 Iugurtha

190 2372 305 2451 captus
320 2372 377 2432 aut
392 2370 516 2433 occisus
535 2369 630 2453 foret,
649 2370 822 2453 imperium
835 2368 1009 2434 Numidiae
1025 2369 1093 2434 sine
1108 2393 1204 2436 mora

66 2471 68 2474 ⁴
188 2455 393 2540 habiturum3
415 2455 448 2519 id
469 2456 548 2520 adeo
568 2461 694 2520 mature
713 2479 808 2541 posse
832 2458 968 2543 evenire,
992 2458 1021 2523 si
1038 2459 1109 2541 ipse
1128 2480 1203 2524 con·

152 2542 240 2607 4sul
273 2543 314 2607 ad
341 2542 374 2606 id
401 2544 524 2608 bellum
556 2544 674 2609 missus
701 2544 796 2610 foret.
841 2546 953 2630 itaque
985 2549 1020 2610 et
1045 2546 1140 2610 illum
1168 2551 1204 2611 et

189 2631 315 2715 equites
338 2630 517 2716 Romanos,
549 2633 670 2697 milites
694 2637 727 2698 et
748 2633 985 2718 negotiatores,
1016 2634 1098 2698 alios
1121 2634 1203 2719 ipse,

188 2719 361 2804 plerosque
382 2721 472 2803 pacis
496 2742 570 2805 spes
593 2720 731 2806 inpellit,
753 2722 804 2785 uti
827 2720 966 2786 Romam
989 2722 1029 2786 ad
1048 2743 1124 2786 suos
1147 2744 1204 2787 ne·

189 2809 347 2872 cessarios
372 2829 483 2892 aspere
506 2809 541 2872 in
563 2807 733 2873 Metellum
760 2809 798 2872 de
826 2809 913 2874 bello
943 2809 1100 2894 scribant,
1133 2808 1203 2874 Ma

152 2895 274 2960 orium
301 2897 531 2979 imperatorem
559 2901 705 2980 poscant.
751 2896 798 2962 sic
824 2896 875 2961 illi
902 2897 1016 2961 multis
1040 2920 1059 2961 a
1082 2902 1203 2962 moria-

188 2982 274 3046 libus
297 2983 539 3048 honestissuma
558 2984 790 3069 suffragatione
810 2985 998 3049 consulatus
1017 2986 1201 3070 petebatur.

189 3069 287 3135 simul
314 3091 352 3134 ea
379 3074 573 3154 tempestate
600 3073 693 3156 plebs
720 3072 894 3137 nobilitate
917 3073 992 3138 fusa
1013 3095 1072 3157 per
1093 3074 1202 3158 legem

188 3157 369 3222 Mamiliam
396 3180 498 3223 novos
532 3160 719 3224 extollebat.
769 3159 817 3224 ita
844 3159 949 3225 Mario
980 3166 1097 3226 cuncta
1127 3184 1202 3245 pro-

188 3247 308 3312 cedere.

134 3334 177 3399 66
254 3334 392 3398 interim
415 3333 584 3421 Iugurtha,
606 3338 782 3419 postquam
805 3336 927 3402 omissa
950 3336 1113 3401 deditione
1133 3339 1203 3403 bel-

186 3422 256 3486 lum
278 3423 403 3507 incipit,
427 3445 501 3488 cum
518 3443 638 3507 magna
657 3445 733 3489 cura
752 3446 866 3508 parare
890 3425 1008 3508 omnia,
1030 3425 1201 3491 festinare:

187 3529 302 3594 cogere
319 3511 505 3594 exercitum,
529 3511 682 3595 civitatis,
706 3533 787 3595 quae
807 3513 847 3576 ab
868 3534 902 3577 se
921 3511 1114 3598 defecerant,
1137 3513 1202 3578 for-

186 3597 306 3661 midine
336 3602 393 3662 aut
421 3599 615 3663 ostentando
637 3600 783 3683 praemia
806 3599 983 3686 adfectare3
1011 3602 1201 3667 conmunire
