2542 4192
174 209 218 275 94
499 207 528 263 C.
549 205 717 262 SALLUSTI
735 206 850 262 CRISPI

139 354 330 419 8exercitui
357 353 438 418 satis
466 373 625 435 superque
652 351 746 416 foret.
790 354 959 435 praeterea
991 356 1185 416 conmeatus

175 464 231 526 spe
255 441 406 524 amplior,
434 440 510 522 quia
531 437 706 523 Numidae,
734 439 832 504 sicuti
861 439 1007 523 plerique
1034 440 1068 504 in
1095 461 1185 505 nova

139 546 154 593 9
174 529 345 611 deditione,
364 527 472 592 officia
485 528 698 592 intenderant.
722 531 865 592 ceterum
882 527 1003 591 milites
1022 527 1184 612 religione

173 617 284 700 pluvia
311 615 415 700 magis
445 616 510 696 usi,
541 636 641 698 eaque
665 637 716 679 res
749 615 889 679 multum
921 614 1037 679 animis
1067 637 1183 679 eorum

174 704 310 787 addidit,
342 725 418 767 narn
446 704 510 766 rati
538 725 607 767 sese
635 703 684 767 dis
717 703 944 767 inmortalibus
977 724 1071 767 curae
1100 724 1182 768 esse.

174 792 287 856 deinde
318 795 450 874 postero
483 791 533 855 die
566 795 680 855 contra
711 791 896 874 opinionem
927 789 1106 876 Iugurthae
1140 791 1183 856 ad

122 896 155 944 10
174 879 311 943 Thalam
333 879 535 963 perveniunt.
577 879 742 962 oppidani,
776 879 831 962 qui
859 900 893 943 se
915 878 1062 943 locorum
1089 899 1183 962 aspe-

173 967 272 1031 ritate
300 968 443 1032 munitos
471 966 685 1050 crediderant,
713 987 831 1052 magna
858 969 955 1049 atque
982 966 1119 1030 insolita
1145 988 1183 1030 re

173 1055 327 1140 perculsi,
357 1055 460 1120 nihilo
489 1054 620 1139 segnius
647 1055 769 1119 bellum
795 1075 925 1137 parare3
955 1054 1041 1118 idem
1072 1055 1182 1118 nostri

122 1142 287 1208 ldfacere.
334 1143 390 1207 sed
415 1164 471 1206 rex
498 1142 580 1206 nihil
607 1142 673 1206 iam
699 1141 856 1206 infectum
878 1140 1011 1206 Metello
1035 1141 1182 1227 credens,

174 1232 293 1315 quippe
317 1231 372 1313 qui
396 1230 512 1313 omnia,
536 1251 626 1294 arma
648 1231 723 1313 tela,
745 1230 835 1295 locos
859 1234 1016 1314 tempora,
1040 1229 1182 1312 denique

172 1324 323 1383 naturam
346 1319 451 1401 ipsam
475 1318 590 1382 ceteris
609 1318 851 1401 imperitantem
868 1317 1029 1381 industria
1046 1317 1181 1401 vicerat,

174 1428 247 1470 cum
269 1406 383 1470 liberis
407 1410 440 1470 εὴ
459 1426 578 1491 magna
594 1410 688 1490 parte
705 1406 859 1489 pecuniae
878 1426 918 1469 ex
936 1405 1055 1488 oppido
1077 1408 1181 1470 noctu

172 1493 329 1580 profugit.
370 1515 473 1577 neque
496 1497 612 1577 postea
634 1494 669 1558 in
689 1494 757 1558 ullo
780 1493 852 1558 loco
876 1492 1015 1576 amplius
1037 1514 1102 1556 uno
1127 1492 1181 1556 die

174 1587 241 1646 aut
254 1604 319 1646 una
340 1585 436 1647 nocte
459 1586 620 1646 moratus:
644 1581 819 1646 simulabat
842 1601 912 1644 sese
934 1581 1047 1664 negoti
1070 1581 1183 1665 gratia

172 1692 360 1754 properare,
383 1673 526 1734 ceterum
547 1669 766 1753 proditionem
788 1669 935 1751 timebat,
958 1689 1055 1751 quam
1073 1667 1181 1732 vitare

172 1779 268 1841 posse
292 1757 457 1822 celeritate
479 1757 630 1839 putabat:
653 1779 728 1821 nam
747 1757 827 1821 talia
844 1756 980 1820 consilia
996 1777 1055 1839 per
1073 1755 1181 1820 otium

137 1849 206 1909 aet
229 1866 268 1908 ex
291 1844 535 1927 opportunitate
560 1845 640 1927 capi.
677 1848 712 1908 at
734 1843 896 1927 Metellus,
918 1844 976 1908 ubi
998 1843 1181 1927 oppidanos

171 1932 296 2016 proelio
323 1932 482 2017 intentos,
512 1931 609 1996 simul
637 1932 791 2015 oppidum
817 1936 851 1996 εὴ
874 1931 1025 2014 operibus
1048 1935 1082 1995 et
1103 1932 1180 1996 loco

137 2036 152 2083 3
172 2021 334 2084 munitum
347 2020 444 2104 videt,
458 2020 544 2085 vallo
558 2019 710 2104 fossaque
725 2020 852 2084 moenia
866 2019 1085 2084 circumvenit.
1104 2019 1182 2083 dein

173 2109 298 2173 duobus
311 2108 393 2174 locis
408 2130 446 2172 ex
461 2108 554 2192 copia
568 2130 716 2172 maxume
730 2107 855 2172 idoneis
868 2107 979 2172 vineas
994 2128 1098 2193 agere,
1115 2108 1181 2187 [su-

172 2218 292 2281 perque
316 2200 384 2278 eas]
407 2217 559 2282 aggerem
581 2197 684 2261 iacere
708 2200 741 2259 et
766 2197 876 2278 [super
899 2197 1064 2281 aggerem]
1088 2194 1182 2278 inpo-

136 2300 153 2348 4
173 2285 246 2348 sitis
269 2286 416 2349 turribus
440 2306 521 2368 opus
544 2288 578 2348 et
596 2284 805 2348 administros
824 2284 939 2367 tutari3
962 2286 1076 2348 contra
1097 2281 1182 2348 haec

173 2373 325 2455 oppidani
343 2371 497 2436 festinare
516 2393 644 2455 parare:
661 2392 794 2455 prorsus
814 2371 854 2434 ab
873 2371 1019 2453 utrisque
1032 2369 1116 2434 nihil
1133 2392 1181 2436 re·

83 2459 86 2465 ’
137 2474 153 2524 5
172 2459 271 2523 licum
285 2459 364 2522 fieri.
384 2458 678 2542 deniqueRomani,
697 2459 800 2523 multo
821 2464 895 2523 ante
908 2458 1020 2522 labore
1033 2458 1181 2541 proeliis-

172 2568 233 2631 que
256 2545 402 2631 fatigati,
428 2552 504 2629 post
532 2546 599 2611 dies
623 2547 838 2632 quadraginta
864 2568 961 2629 quarn
985 2567 1022 2610 eo
1045 2549 1181 2610 ventum

172 2639 255 2719 erat,
283 2634 401 2718 oppido
430 2635 525 2699 modo
548 2634 660 2718 potiti:
692 2635 811 2718 praeda
840 2635 944 2698 omnis
968 2634 1009 2698 ab
1032 2631 1181 2718 perfugis

137 2740 152 2789 6
172 2727 338 2807 conrupta
371 2723 402 2788 ei
424 2726 599 2806 postquam
622 2744 750 2786 murum
773 2722 928 2786 arietibus
951 2721 1041 2785 feriri
1063 2742 1181 2804 resque

172 2832 247 2876 suas
271 2811 417 2876 adflictas
441 2811 565 2893 vident,
592 2832 706 2874 aurum
735 2813 832 2892 atque
855 2813 1025 2896 argentum
1048 2813 1082 2873 et
1105 2808 1180 2892 alia,

173 2921 253 2981 quae
276 2899 382 2981 prima
405 2899 578 2982 ducuntur,
601 2898 732 2963 domum
754 2898 878 2982 regiam
901 2899 1111 2980 conportent:
1132 2897 1181 2960 ibi

172 2986 247 3049 vino
271 2990 304 3048 et
323 2985 427 3069 epulis
447 2986 572 3050 onerati
590 2986 710 3069 illaque
732 2990 766 3050 et
784 2986 916 3050 domum
935 2988 968 3048 et
988 2988 1090 3048 semet
1109 2984 1181 3068 igni

173 3078 398 3156 conrumpunt,
422 3077 455 3137 et
479 3094 558 3155 quas
582 3073 662 3138 victi
685 3074 725 3138 ab
743 3073 894 3138 hostibus
918 3093 1038 3157 poenas
1056 3075 1181 3153 metue·

173 3165 257 3244 rant,
281 3182 335 3225 eas
359 3161 422 3244 ipsi
445 3161 590 3226 volentes
613 3161 801 3245 pependere.

121 3250 160 3314 'll
240 3248 303 3314 Sed
335 3249 458 3334 pariter
490 3269 564 3314 cum
596 3253 692 3332 capta
722 3248 826 3312 Thala
855 3248 958 3333 legati
988 3271 1028 3312 ex
1059 3248 1181 3332 oppido

172 3336 268 3422 Lepti
292 3337 332 3401 ad
356 3336 525 3402 Metellum
552 3340 707 3401 venerant
734 3341 878 3420 orantes,
904 3336 955 3400 uti
981 3336 1183 3420 praesidium

172 3424 437 3508 praefectumque
457 3446 494 3490 eo
515 3424 676 3490 mitteret:
699 3422 919 3488 Hamilcarem
938 3425 1106 3508 quendam,
1125 3424 1183 3488 ho·

172 3513 294 3577 minem
319 3513 465 3578 nobilem
492 3511 680 3599 factiosum,
709 3511 802 3578 novis
829 3513 926 3577 rebus
955 3512 1097 3596 studere,
1130 3511 1183 3576 ad·
