2542 4192
181 265 244 329 112
510 264 538 320 C.
557 264 728 319 SALLUSTI
746 263 863 321 (taisel

178 409 243 474 loci
267 409 458 475 difficultate
487 409 591 475 coacti
613 409 738 493 proelio
768 411 985 494 deterrentur,
1011 432 1117 494 neque
1143 414 1193 475 ta·

180 519 255 561 men
277 518 353 562 suos
370 497 501 583 longius
520 498 609 562 abire
628 498 748 581 sinunt,
771 498 828 562 sed
845 503 985 583 utroque
1006 498 1088 563 11111
1107 499 1192 562 mul-

143 585 320 652 otitudine
355 584 554 650 circumdato
591 585 684 650 effusi
720 587 901 651 consedere.
955 586 1028 651 dein
1065 586 1190 651 crebris

180 674 310 758 ignibus
333 672 430 738 factis
453 674 643 757 plerumque
661 674 768 738 noctis
787 674 918 739 barbari
936 695 1026 739 more
1044 695 1105 739 suo
1125 674 1192 739 111-

180 761 244 825 tari
267 761 425 845 exultare,
453 765 597 846 strepere
619 761 767 844 vocibus,
791 765 824 826 ct
846 762 911 846 ipsi
933 763 1029 827 duces
1052 761 1191 847 feroces,

145 867 160 916 ‘1
181 849 257 932 quia
274 871 340 914 non
358 849 520 934 fugerant,
537 871 597 934 pro
611 849 790 915 victoribus
809 871 914 936 agere.
947 851 1003 914 sed
1018 872 1056 914 11
1070 854 1191 916 cuncta

180 937 336 1002 Romanis
364 961 403 1003 ex
425 939 568 1003 tenebris
596 941 629 1001 et
652 938 842 1002 editioribus
870 938 951 1003 locis
977 938 1089 1003 facilia
1115 940 1191 1005 visu

124 1027 169 1090 99
180 1047 363 1112 magnoque
386 1026 594 1090 hortamento
618 1029 718 1090 erant.
753 1027 941 1111 plurumum
964 1049 1039 1092 vero
1062 1025 1190 1092 hierius

179 1114 333 1198 inperitia
355 1114 500 1178 hostium
523 1114 733 1179 confirmatus
761 1136 859 1199 quam
881 1136 1070 1179 maxumum
1093 1115 1191 1180 silen-

180 1203 264 1266 tium
285 1202 400 1266 haberi
422 1202 527 1285 iubet,
556 1223 596 1266 111
620 1203 714 1286 signa
737 1202 880 1285 quidem,
902 1203 953 1266 uti
974 1224 1033 1286 per
1056 1202 1189 1288 vigilias

180 1291 339 1373 solebant,
363 1311 485 1354 111111.
520 1289 633 1354 deinde
660 1289 718 1354 ubi
739 1289 796 1354 lux
819 1290 1028 1374 adventabat,
1051 1290 1189 1357 defessis

179 1378 246 1442 iam
267 1377 419 1442 hostibus
438 1399 475 1442 ac
493 1379 591 1462 paulo
611 1381 686 1442 ante
706 1400 819 1443 somno
839 1378 943 1462 captis
962 1379 1001 1442 de
1019 1378 1189 1462 inproviso

179 1466 305 1551 vigiles,
327 1466 407 1530 item
431 1466 615 1531 cohortium
633 1470 815 1530 turmarum
836 1465 1003 1551 legionum
1025 1467 1189 1533 tubicines

180 1555 277 1619 simul
305 1554 411 1620 omnis
439 1555 533 1640 signa
560 1576 687 1638 canere,
716 1555 838 1618 milites
868 1555 1043 1619 clamorem
1070 1555 1190 1620 tollere

142 1647 276 1726 ratque
303 1643 409 1727 portis
438 1664 605 1725 erumpere
635 1642 736 1707 iubet.
785 1641 892 1707 Mauri
919 1647 1017 1726 atque
1045 1641 1190 1729 Gaetuli,

177 1732 293 1816 ignoto
316 1735 349 1793 et
367 1730 519 1794 horribili
542 1730 652 1794 sonitu
669 1734 801 1814 repente
823 1730 929 1813 exciti,
949 1752 1055 1814 neque
1074 1730 1189 1817 fugere

177 1839 282 1901 neque
301 1840 392 1882 arma
411 1839 524 1901 capere
541 1839 647 1901 neque
666 1818 797 1882 ommino
816 1817 922 1883 faeere
942 1823 999 1883 aut
1016 1820 1189 1903 providere

143 1923 159 1970 a
179 1906 353 1989 quicquam
369 1908 535 1988 poterant:
553 1906 603 1969 ita
620 1909 754 1971 cunctos
773 1907 913 1990 strepitu
928 1907 1078 1991 clamore,
1094 1909 1189 1974 nullo

129 2013 132 2017 ’
180 1993 391 2059 subveniente
430 1993 554 2059 nostris
586 1993 801 2078 instantibus,
837 1994 982 2059 tumultu
1012 1994 1189 2062 formidine

156 2087 303 2148 ‚terrore
331 2081 425 2166 quasi
451 2081 601 2147 vecordia
628 2085 765 2166 ceperat.
811 2082 948 2166 denique
979 2105 1091 2149 omnes
1120 2084 1190 2150 fusi

178 2171 362 2258 fugatique,
398 2192 489 2235 arma
519 2174 552 2234 et
584 2170 676 2256 signa
708 2170 878 2239 militaria,
894 2171 1048 2255 pleraque
1082 2177 1189 2257 capta,

178 2261 351 2344 pluresque
371 2280 409 2324 eo
423 2259 547 2343 proelio
567 2279 665 2342 quam
684 2258 834 2322 omnibus
854 2259 1075 2342 superioribus
1089 2261 1189 2325 inter-

179 2348 290 2431 empti.
333 2369 411 2410 nam
443 2368 558 2411 somno
586 2351 620 2410 et
647 2350 737 2410 metu
763 2346 897 2411 insolito
925 2347 1071 2430 inpedita
1098 2347 1188 2434 fuga.

101 2436 165 2502 100
244 2433 330 2498 Dein
360 2433 497 2517 Marius,
528 2434 579 2498 uti
610 2438 774 2518 coeperat,
803 2432 846 2498 in'
870 2433 1007 2499 hiberna
1038 2433 1189 2521 (propter

179 2525 384 2587 commeatum
415 2522 450 2585 in
477 2521 605 2605 oppidis
632 2522 816 2587 maritumis
844 2543 940 2608 agere
972 2522 1188 2611 decreverat),

177 2632 281 2695 neque
304 2614 415 2674 tamen
436 2609 575 2674 victoria
598 2631 708 2675 socors
736 2614 793 2674 aut
815 2611 958 2676 insolens
980 2610 1101 2695 factus,
1131 2614 1188 2677 sed

176 2700 300 2783 pariter
323 2702 421 2782 atque
444 2698 478 2762 in
502 2702 678 2782 conspectu
698 2699 845 2763 hostium
869 2699 1027 2784 quadrato
1056 2701 1187 2785 agmine

142 2788 332 2853 aineedere.
357 2826 360 2831 ·
379 2785 470 2853 Sulla
493 2809 566 2852 cum
589 2786 738 2870 equitatu
766 2787 851 2870 apud
875 2788 1060 2871 dextumos,
1088 2787 1124 2852 in
1147 2789 1188 2854 si·

177 2877 282 2941 nistra
307 2879 401 2959 parte
428 2874 468 2940 A.
491 2874 633 2939 Manlius
666 2896 740 2940 cum
768 2874 989 2940 funditoribus
1022 2879 1055 2941 et
1086 2877 1188 2962 sagit

178 2965 284 3047 tariis,
314 2967 483 3047 praeterea
510 2963 654 3028 cohortis
682 2961 840 3048 Ligurum
870 2964 1015 3028 curabat.
1060 2965 1187 3048 primos

178 3055 211 3117 et
239 3055 400 3116 extremos
428 3072 502 3116 cum
529 3051 687 3134 expeditis
717 3051 892 3136 manipulis
924 3051 1074 3116 tribunos
1101 3052 1188 3118 loca·

141 3144 276 3206 111111.
321 3138 490 3224 perfugae,
520 3138 663 3203 minume
691 3139 758 3203 cari
786 3144 819 3204 et
842 3139 1013 3226 regionum
1040 3139 1188 3206 scientis·

177 3229 274 3311 sumi,
302 3227 449 3292 hostium
475 3227 539 3291 iter
566 3227 788 3310 explorabant.
834 3227 931 3291 simul
955 3227 1068 3292 consul
1092 3229 1187 3312 quasi

175 3318 265 3383 nullo
292 3316 436 3401 inposito
465 3315 575 3381 omnia
600 3315 783 3399 providere,
815 3316 902 3400 apud
929 3315 1034 3380 omnis
1063 3316 1187 3401 adesse,

139 3406 306 3471 4laudare
330 3409 363 3469 et
385 3405 551 3488 increpare
575 3403 738 3468 merentis.
769 3403 840 3488 ipse
862 3405 1008 3468 armatus
1026 3403 1187 3470 intentus·

176 3515 251 3577 que,
281 3493 362 3558 item
393 3493 514 3558 milites
548 3492 694 3578 cogebat.
739 3513 843 3575 neque
875 3513 967 3557 secus
1000 3493 1098 3575 atque
1122 3492 1188 3557 iter

175 3581 293 3664 facere,
326 3585 433 3647 castra
464 3580 603 3660 munire,
635 3579 822 3645 excubitum
848 3580 884 3643 in
909 3582 1007 3663 porta
1039 3580 1186 3645 cohortis
