2542 4192
182 232 225 294 62
509 229 538 286 0.
558 227 728 283 SALLUSTI
748 225 863 283 CRISPI

73 366 75 372 ¹
183 376 288 440 sultus
312 378 371 458 est,
393 375 577 457 placeretne
599 374 727 457 legatos
751 371 929 456 Iugurthae
948 372 1048 456 recipi
1072 375 1195 438 moeni-

182 463 257 544 bus,
281 461 373 544 eique
397 461 578 544 decrevere,
604 461 669 525 nisi
691 480 828 545 regnum
850 460 1022 544 ipsumque
1045 461 1195 526 deditum

182 550 355 632 venissent,
377 549 427 612 uti
449 550 484 613 in
507 548 619 612 diebus
638 548 804 632 proxumis
823 549 933 612 decem
947 546 1046 613 Italia
1063 549 1194 613 decede-

147 642 263 702 arene.
310 637 421 701 consul
452 633 603 700 Numidis
640 658 679 700 ex
715 639 846 700 senatus
883 637 1012 700 decreto
1044 637 1193 702 nuntiari

182 726 281 790 iubet.
325 725 375 788 ita
397 721 527 788 infectis
551 725 647 788 rebus
669 723 720 787 illi
743 724 875 788 domum
897 723 1074 788 discedunt.

146 829 163 876 4
247 812 385 877 Interim
409 812 601 896 Calpurnius
625 815 740 895 parato
764 811 907 875 exercitu
933 811 1023 897 legat
1047 811 1109 876 sibi
1133 812 1191 877 ho-

183 901 285 965 mines
311 901 432 966 nobilis
459 901 631 984 factiosos,
655 921 792 982 quorum
815 899 1011 964 auctoritate
1035 921 1116 982 quae
1140 901 1194 965 de·

184 989 344 1074 liquisset,
367 989 494 1052 munita
515 988 584 1053 fore
608 989 768 1070 sperabat.
800 987 835 1051 in
857 986 930 1070 quis
953 986 1017 1050 fuit
1041 986 1194 1071 Scaurus,

148 1077 273 1141 ocuius
297 1077 335 1141 de
357 1081 475 1141 natura
497 1076 668 1140 ethabitu
691 1097 788 1159 supra
811 1075 1068 1140 memoravimus
1112 1098 1191 1140 nam

163 1167 217 1229 vin
246 1164 377 1229 consule
408 1168 521 1228 nostro
556 1164 678 1227 multae
705 1164 873 1247 bonaeque
904 1167 991 1228 artes
1019 1163 1120 1227 animi
1156 1169 1193 1228 et

183 1252 327 1336 corporis
351 1255 455 1336 erant,
479 1273 559 1335 quas
583 1251 687 1316 omnis
711 1251 848 1315 avaritia
869 1251 1112 1335 praepediebat:
1134 1274 1189 1336 pa·

183 1341 267 1404 tiens
284 1340 443 1423 laborum,
462 1339 529 1404 acri
547 1339 687 1424 ingenio,
707 1339 787 1404 satis
806 1340 988 1423 providens,
1006 1339 1084 1403 belli
1102 1340 1192 1405 haud

148 1429 329 1513 signarus,
356 1427 573 1492 firmissumus
598 1431 711 1492 contra
732 1427 876 1511 pericula
898 1430 931 1490 et
953 1426 1095 1491 insidias.
1104 1410 1192 1528 [sed
1236 1409 1262 1504 >l

181 1516 325 1600 legiones
339 1537 397 1600 per
410 1514 542 1580 Italiam
556 1514 697 1600 Regium
715 1519 812 1598 atque
828 1514 902 1578 inde
919 1513 1072 1599 Siciliam,
1090 1537 1192 1598 porro

148 1621 221 1669 rex
245 1602 356 1669 Sicilia
377 1604 412 1668 in
434 1604 580 1668 Africam
608 1607 819 1667 transvectae.
864 1602 967 1687 igitur
995 1600 1211 1686 Calpurnius

181 1692 277 1755 initio
299 1692 424 1774 paratis
444 1691 666 1756 cormeatibus
686 1690 804 1755 aeriter
817 1689 1006 1754 Numidiam
1021 1691 1191 1776 ingressus

182 1782 234 1842 est
265 1779 450 1861 multosque
484 1778 633 1842 mortalis
668 1782 701 1842 et
732 1778 822 1843 urbis
855 1779 981 1862 aliquot
1014 1779 1191 1864 pugnando

130 1865 171 1931 29
183 1865 278 1949 cepit.
310 1866 366 1930 sed
388 1865 446 1930 ubi
467 1865 629 1951 Iugurtha
650 1887 708 1950 per
729 1866 856 1950 legatos
874 1866 1011 1950 pecunia
1028 1871 1191 1952 temptare

182 1953 337 2037 bellique,
370 1954 456 2037 quod
484 1954 746 2038 administrabat,
779 1955 989 2038 asperitatem
1021 1956 1191 2020 ostendere

148 2057 163 2104 2
183 2042 300 2128 coepit,
323 2042 449 2107 animus
469 2063 565 2126 aeger
583 2041 721 2106 avaritia
738 2041 833 2106 facile
852 2064 1028 2109 convorsus
1051 2047 1111 2107 est.
1142 2065 1190 2108 ce·

182 2135 290 2196 terum
312 2132 419 2196 socius
443 2135 476 2196 et
495 2130 684 2194 administer
705 2131 850 2194 omnium
869 2131 1079 2195 consiliorum
1097 2131 1190 2196 adsu-

182 2220 283 2283 mitur
306 2218 459 2304 Scaurus,
489 2218 545 2302 qui
567 2218 700 2283 tametsi
727 2241 746 2282 a
773 2218 933 2302 principio
960 2219 1122 2303 plerisque
1150 2241 1189 2284 ex

182 2306 322 2371 factione
346 2307 414 2371 eius
438 2307 605 2390 comuptis
629 2328 792 2370 acerrume
815 2327 926 2390 regem
944 2306 1190 2391 inpugnaverat,

182 2398 293 2457 tamen
322 2393 544 2477 magnitudine
571 2393 724 2477 pecuniae
758 2417 778 2458 a
803 2395 889 2459 bono
921 2394 1122 2477 honestoque
1154 2395 1190 2459 in

147 2496 316 2565 3pravom
339 2480 523 2545 abstractus
547 2485 606 2545 est.
638 2481 693 2545 sed
716 2480 877 2567 Iugurtha
898 2482 1040 2566 primum
1058 2485 1189 2547 tantum

183 2568 279 2633 modo
301 2568 380 2633 belli
403 2590 528 2634 moram
546 2569 734 2653 redimebat,
757 2570 956 2635 existumans
975 2591 1045 2634 sese
1064 2570 1188 2653 aliquid

181 2657 315 2721 interim
336 2656 460 2722 Romae
487 2657 593 2740 pretio
622 2660 679 2720 aut
701 2658 809 2741 gratia
832 2657 1028 2725 effecturum.
1072 2662 1189 2742 postea

183 2767 258 2810 vero
291 2767 389 2829 quam
419 2744 613 2829 participem
644 2745 757 2830 negoti
790 2743 946 2809 Scaurum
980 2747 1117 2829 accepit,
1153 2746 1189 2809 in

182 2855 367 2897 maxumam
390 2855 481 2917 spem
505 2833 662 2896 adductus
690 2832 925 2916 recuperandae
952 2833 1041 2917 pacis
1069 2834 1189 2898 satuit

148 2935 164 2982 4
183 2941 257 2984 cum
279 2921 325 2984 eis
344 2922 382 2984 de
402 2921 552 2985 omnibus
571 2920 776 3004 pactionibus
795 2942 947 3004 praesens
968 2837 1188 3073 agerejcete-
1215 2918 1259 3005 y(

182 3028 256 3071 rum
286 3007 411 3071 interea
441 3007 516 3070 fidei
549 3028 646 3071 causa
674 3008 819 3071 mittitur
851 3031 871 3072 a
899 3010 1027 3074 consule
1080 3009 1187 3073 entius

183 3099 335 3180 quaestor
357 3095 393 3159 in
415 3095 570 3179 oppidum
585 3093 764 3181 Iugurthae
778 3095 915 3182 Vagam.
948 3098 1038 3161 cuius
1056 3096 1104 3160 rei
1118 3118 1188 3181 spe-

183 3184 247 3248 eies
275 3186 345 3247 erat
373 3183 518 3266 acceptio
546 3183 714 3267 frumenti,
743 3185 829 3267 quod
857 3184 1051 3268 Calpurnius
1077 3184 1188 3269 palam

181 3272 299 3357 legatis
323 3272 548 3356 imperaverat,
571 3271 725 3356 quoniam
743 3271 915 3336 deditionis
934 3295 1025 3337 mora
1042 3272 1188 3338 indutiae

147 3361 401 3444 sagitabantur.
445 3359 548 3445 igitur
574 3382 643 3443 rex,
675 3360 725 3424 uti
756 3360 982 3443 constituerat,
1013 3361 1048 3424 in
1080 3364 1188 3425 castra

182 3448 283 3531 venit,
311 3470 348 3513 ac
370 3470 473 3532 pauca
499 3449 664 3532 praesenti
691 3448 827 3512 consilio
849 3448 977 3513 locutus
1005 3448 1043 3511 de
1066 3448 1188 3513 invidia

181 3533 262 3598 facti
285 3537 335 3600 sui
358 3539 455 3620 atque
482 3535 532 3600 uti
554 3536 588 3602 in
611 3535 808 3602 deditionem
832 3536 1039 3620 acciperetur,
1061 3536 1188 3620 reliqua
