2542 4192
188 234 234 300 40
520 232 549 288 Ο.
569 231 740 288 SALLUSTI
758 231 872 288 ORISPI

190 379 287 442 ducit.
333 377 407 442 dein
429 376 563 442 remotis
588 377 732 442 omnium
755 377 855 462 equis,
879 399 942 461 quo
965 378 1127 443 militibus
1147 401 1203 444 ex·

191 468 328 549 aequato
360 465 504 548 periculo
537 465 663 529 animus
693 466 831 548 amplior
863 469 962 548 esset,
998 466 1068 549 ipse
1099 468 1202 549 pedes

155 553 367 618 aexercitum
394 575 454 636 pro
481 553 554 617 loco
582 557 678 636 atque
706 552 808 636 copiis
836 552 978 618 instruit.
1028 575 1118 637 nam,
1148 555 1201 618 uti
1258 596 1262 603 ·

190 640 343 723 planities
366 644 437 704 erat
459 640 545 704 inter
564 641 714 704 sinistros
733 639 854 704 montis
874 643 907 704 et
925 641 965 704 ab
985 641 1100 704 dextra
1117 663 1200 725 rupe

191 749 318 811 aspera,
345 732 419 792 octo
443 727 586 792 cohortis
609 728 644 790 in
666 726 773 791 fronte
796 726 977 811 constituit,
999 727 1201 811 reliquarum

155 829 172 878 3
192 815 285 898 signa
307 814 342 878 in
365 815 509 879 subsidio
532 815 634 879 artius
654 814 810 879 conlocat.
856 815 896 878 ab
921 816 967 878 eis
993 816 1199 880 centuriones

192 902 305 986 omnis,
328 902 430 966 lectos
454 906 487 966 et
509 905 669 986 evocatos,
692 906 859 985 praeterea
880 923 918 966 ex
936 902 1095 987 gregariis
1115 903 1200 967 mili-

190 989 280 1053 tibus
309 993 478 1073 optumum
505 1011 663 1073 quemque
692 993 852 1053 armatum
876 990 912 1053 in
932 990 1072 1073 primam
1095 989 1199 1055 aciem

191 1077 350 1142 subducit.
396 1076 429 1143 Ο.
457 1076 615 1141 Manlium
642 1077 677 1140 in
704 1078 829 1161 dextra,
856 1076 1073 1141 Faesulanum
1101 1099 1198 1160 quen-

191 1164 266 1228 dam
288 1165 323 1229 in
345 1165 478 1230 sinistra
500 1169 593 1249 parte
616 1186 727 1229 curare
747 1165 848 1229 iubet.
888 1165 959 1248 ipse
977 1187 1051 1229 oum
1068 1164 1198 1229 libertis

191 1256 224 1316 et
239 1253 362 1317 colonis
372 1254 437 1317 suis
445 1256 579 1336 propter
594 1252 736 1335 aquilam
751 1252 890 1336 adsistit,
905 1273 1001 1335 quam
1014 1252 1101 1317 bello
1113 1251 1198 1318 Gim-

154 1354 172 1401 4
190 1339 280 1403 brico
300 1338 334 1405 0.
353 1339 475 1404 Marius
497 1341 533 1404 in
555 1341 697 1404 exercitu
720 1339 871 1404 habuisse
894 1339 1070 1404 dicebatur.
1107 1344 1141 1403 at
1158 1363 1198 1404 ex

191 1428 294 1490 altera
317 1431 410 1511 parte
434 1426 468 1493 O.
491 1426 664 1511 Antonius,
685 1428 821 1511 pedibus
845 1447 941 1511 aeger
964 1427 1050 1511 quod
1072 1427 1198 1511 proelio

191 1514 302 1580 adesse
319 1515 484 1599 nequibat,
503 1515 546 1579 M.
564 1515 694 1580 Petreio
710 1516 820 1599 legato
835 1514 1011 1578 exercitum
1024 1515 1197 1599 permittit.

155 1602 245 1666 oille
269 1603 412 1667 cohortis
435 1607 613 1687 veteranas,
637 1624 715 1685 quas
739 1603 898 1666 tumultus
922 1624 1019 1667 causa
1037 1602 1198 1687 conscrip-

191 1694 291 1773 serat,
319 1691 360 1754 in‘
380 1690 501 1775 fronte,
527 1695 604 1774 post
627 1712 681 1754 eas
705 1694 848 1755 ceterum
872 1690 1048 1754 exercitum
1070 1690 1105 1754 in
1123 1691 1197 1754 sub·

191 1777 281 1840 sidiis
304 1777 400 1840 locat.
444 1778 514 1860 ipse
534 1799 616 1860 equo
636 1778 826 1841 circumiens
845 1800 945 1841 unum
965 1799 1123 1861 quemque
1140 1799 1197 1841 no-

190 1863 317 1926 minans
350 1865 492 1947 appellat
523 1864 688 1949 hortatur,
719 1868 828 1950 rogat,
859 1869 897 1928 ut
929 1864 1134 1929 meminerint
1162 1885 1197 1929 se

190 1955 303 2014 contra
330 1951 474 2016 latrones
500 1953 633 2017 inermis
660 1975 719 2035 pro
746 1953 867 2036 patria,
895 1975 955 2036 pro
982 1951 1108 2038 liberis,
1135 1973 1197 2035 pro

155 2038 255 2103 saris
284 2042 382 2122 atque
409 2038 490 2105 focis
519 2040 585 2104 suis
614 2043 746 2104 certare.
791 2040 889 2105 homo
917 2040 1082 2123 militaris,
1110 2040 1196 2122 quod

190 2127 329 2211 amplius
357 2149 458 2192 annos
486 2128 624 2213 triginta
655 2128 804 2192 tribunus
837 2132 894 2192 aut
924 2127 1107 2211 praefectus
1139 2131 1197 2190 aut

189 2215 317 2300 legatus
350 2219 406 2279 aut
437 2219 569 2299 praetor
601 2239 674 2281 cum
705 2237 824 2301 magna
855 2216 960 2300 gloria
991 2216 1026 2280 in
1052 2214 1197 2279 exercitu

121 2306 135 2337 '·
189 2303 305 2386 fuerat,
327 2302 498 2386 plerosque
521 2304 610 2386 ipsos
633 2304 783 2387 factaque
802 2325 913 2368 eorum
931 2303 1030 2367 fortia
1047 2306 1197 2386 noverat3

190 2411 228 2453 ea
251 2391 520 2455 conmemorando
543 2391 685 2454 militum
708 2391 832 2454 animos
856 2391 1058 2455 accendebat.

138 2475 181 2540 60
260 2474 323 2540 Sed
353 2477 410 2540 ubi
439 2477 589 2541 omnibus
616 2478 713 2541 rebus
741 2479 918 2561 exploratis
945 2477 1092 2542 Petreius
1116 2478 1196 2542 tuba

191 2564 320 2650 signum
334 2564 399 2649 dat,
414 2565 557 2629 cohortis
571 2565 730 2648 paulatim
743 2564 889 2630 incedere
903 2566 1003 2650 iubet,
1015 2564 1101 2630 idem
1116 2565 1196 2630 facit

155 2667 171 2715 a
190 2652 336 2717 hostium
350 2653 517 2717 exercitus.
540 2656 716 2737 postquam
730 2675 768 2717 eo
781 2657 914 2718 ventum
928 2656 987 2735 est,
1001 2652 1085 2716 unde
1094 2651 1196 2716 feren-

190 2741 283 2804 tariis
304 2741 464 2824 proelium
484 2741 634 2806 conmitti
652 2744 773 2825 posset,
791 2763 942 2805 maxumo
961 2741 1101 2805 clamore
1122 2761 1196 2804 cum

189 2829 317 2893 infestis
337 2828 438 2913 signis
459 2832 667 2913 concurrunt3
684 2829 752 2912 pila
766 2829 932 2912 omittunt,
946 2828 1063 2913 gladiis
1077 2849 1128 2892 res
1143 2848 1196 2912 ge-

153 2917 281 2980 oritur.
326 2917 471 2980 veterani
498 2916 655 2999 pristinae
677 2915 810 2980 virtutis
834 2938 992 2980 memores
1015 2915 1196 2980 comminus

190 3003 309 3067 acriter
331 3002 462 3087 instare,
485 3003 535 3067 illi
556 3003 643 3067 haud
666 3002 773 3067 timidi
795 3003 1141 3068 resistuntz-maxunra
1162 3004 1196 3066 vi

153 3094 341 3156 toertatur.
396 3090 521 3155 interca
553 3089 694 3156 Catilina
726 3113 799 3155 cum
831 3092 988 3175 expeditis
1024 3092 1060 3156 in
1089 3091 1197 3175 prima

190 3178 257 3244 acie
276 3177 409 3261 vorsari,
428 3178 652 3243 laborantibus
671 3200 865 3261 succurrere,
882 3179 1028 3263 integros
1046 3200 1107 3262 pro
1126 3199 1197 3242 sau-

190 3267 249 3333 ciis
273 3288 442 3351 arcessere,
466 3266 574 3332 omnia
596 3266 773 3350 providere,
796 3267 936 3330 multum
955 3267 1025 3350 ipse
1043 3287 1195 3352 pugnare,

190 3377 285 3438 saepe
311 3355 441 3419 hostem
467 3355 578 3418 ferire:
606 3353 730 3418 strenui
757 3353 871 3417 militis
900 3357 933 3416 et
959 3355 1038 3419 boni
1059 3355 1196 3437 impera-

154 3443 272 3505 otoris
301 3441 409 3507 officia
436 3442 533 3506 simul
565 3441 791 3525 exequebatur.
840 3439 988 3506 Petreius
1020 3443 1076 3506 ubi
1108 3441 1196 3507 videt

190 3527 374 3614 Catilinam,
398 3534 512 3594 contra
530 3551 568 3594 ac
585 3533 677 3594 ratus
696 3531 774 3606 erat,
795 3548 915 3615 magna
932 3529 964 3594 vi
982 3530 1123 3615 tendere,
1146 3551 1197 3597 co-
