2542 4192
191 215 237 278 24
534 213 561 268 C.
582 213 752 268 SALLUSTI
772 213 886 269 CltISPl

186 360 315 425 vincula
338 358 528 440 coniecerat,
551 358 631 422 item
653 357 689 421 in
707 358 856 423 citeriore
876 357 983 422 Gallia
1001 357 1035 424 C.
1050 358 1199 446 Murena,

187 447 243 530 qui
267 447 297 510 ei
318 445 504 530 provinciae
522 447 650 531 legatus
674 450 831 528 praeerat.

133 535 177 600 43
252 533 299 598 At
326 534 449 597 Romae
479 532 637 598 Lentulus
670 556 744 598 cum
776 533 906 617 ceteris,
944 534 999 616 qui
1031 534 1197 618 principes

187 621 420 686 coniurationis
439 624 540 704 erant,
558 621 681 703 paratis
700 626 737 684 ut
756 622 925 686 videbatur
943 622 1071 706 magnis
1090 624 1196 706 copiis

187 709 433 792 constituerant,
456 709 515 791 uti,
538 731 610 772 cum
628 707 769 773 Catilina
790 709 825 772 in
848 730 963 793 agrum
977 709 1196 775 Faesulanum

187 820 261 862 oum
284 797 427 861 exercitu
448 796 603 880 venisset,
625 795 662 859 L.
684 796 797 860 Bestia
819 797 969 860 tribunus
992 797 1097 879 plebis
1121 821 1196 862 con-

187 885 276 948 tione
290 885 405 948 habita
419 887 607 967 quereretur
621 885 659 947 de
674 884 857 948 actionibus
872 882 1036 949 Ciceronis
1051 885 1196 969 bellique

187 972 382 1058 gravissumi
415 971 570 1035 invidiam
603 975 736 1054 optumo
769 972 894 1035 consuli
925 972 1108 1054 inponeret:
1154 995 1196 1038 eo

187 1061 281 1146 signo
309 1081 468 1143 proxuma
486 1062 592 1122 ‘nocte
620 1063 728 1123 cetera
754 1059 930 1123 multitudo
959 1061 1194 1125 coniurationis

151 1164 168 1210 2
188 1170 282 1212 suum
301 1148 436 1231 quisque
454 1146 623 1231 negotium
642 1150 861 1229 exequeretur.
885 1149 940 1211 sed
953 1169 990 1211 ea
1008 1148 1112 1212 divisa
1129 1148 1194 1214 hoc

187 1236 283 1299 modo
302 1235 500 1317 dicebantur,
520 1233 670 1298 Statilius
689 1238 723 1298 et
738 1232 894 1298 Gabinius
913 1235 963 1298 uti
982 1258 1055 1300 oum
1073 1257 1196 1320 magna

187 1345 285 1386 manu
308 1322 476 1386 duodecim
504 1321 600 1385 simul
628 1324 811 1405 opportuna
839 1322 912 1387 loca
932 1323 1023 1388 urbis
1046 1323 1194 1388 incende-

113 1405 122 1417 *
186 1414 269 1494 rent,
293 1431 356 1493 quo
376 1410 520 1473 tumultu
538 1409 666 1475 facilior
684 1410 791 1474 aditus
811 1411 851 1473 ad
871 1410 1036 1474 consulem
1055 1415 1194 1476 ceteros-

188 1520 263 1582 que,
287 1498 403 1581 quibus
426 1497 562 1561 insidiae
584 1498 796 1580 parabantur,
818 1498 924 1582 fieret3
954 1497 1117 1583 Cethegus
1141 1497 1193 1564 Ci-

188 1587 313 1650 ceronis
332 1585 463 1649 ianuam
481 1585 644 1649 obsideret
658 1607 794 1670 eumque
808 1585 840 1648 vi
855 1587 1094 1670 aggrederetur,
1108 1587 1193 1652 alius

188 1677 297 1738 autem
321 1674 433 1756 alium,
461 1673 517 1736 sed
538 1673 599 1735 fflii
621 1673 831 1756 familiarum,
854 1695 992 1756 quorum
1015 1695 1054 1737 ex
1075 1675 1192 1739 nobili·

187 1764 256 1823 tate
284 1781 435 1823 maxuma
457 1781 533 1842 pars
557 1764 639 1843 erat,
666 1761 810 1843 parentis
833 1761 1066 1844 interficerent3
1093 1762 1193 1826 simul

188 1848 284 1911 caede
320 1851 354 1909 et
385 1846 532 1911 incendio
568 1848 725 1930 perculsis
762 1849 911 1912 omnibus
943 1849 983 1912 ad
1015 1847 1209 1913 Catilinam

152 1950 169 1998 3
189 1938 402 2017 erumperent.
433 1934 520 1998 inter
537 1934 617 1999 haec
635 1939 751 2019 parata
769 1940 866 2020 atque
884 1936 1012 2000 decreta
1027 1933 1193 2021 Cethegus

189 2044 315 2106 semper
343 2022 538 2105 querebatur
565 2022 604 2086 de
630 2023 760 2109 ignavia
787 2024 962 2088 sociorum:
993 2023 1068 2086 illos
1100 2025 1193 2089 dubi-

188 2111 287 2175 tando
311 2115 343 2174 et
366 2110 434 2174 dies
456 2110 649 2194 prolatando
672 2133 806 2196 magnas
834 2111 1095 2195 opportunitates
1119 2134 1192 2176 con-

188 2220 352 2282 rumpere,
383 2198 485 2281 facto,
515 2221 582 2262 non
599 2199 757 2263 'consulto
787 2198 823 2262 in
849 2199 909 2262 tali
934 2200 1078 2283 periculo
1109 2221 1190 2283 opus

188 2307 268 2368 esse,
291 2307 397 2368 seque,
421 2285 449 2348 si
467 2286 562 2368 pauci
580 2286 778 2369 adiuvarent,
796 2287 1026 2370 languentibus
1046 2287 1119 2351 aliis
1133 2288 1191 2351 im-

148 2389 165 2434 4
183 2376 297 2455 petum
310 2373 345 2435 in
355 2373 477 2436 curiam
493 2372 663 2437 facturum.
680 2378 799 2437 natura
811 2373 903 2438 ferox
911 2375 1083 2438 vehemens
1094 2397 1191 2439 manu

187 2463 358 2542 promptus
378 2463 456 2541 erat,
475 2481 660 2524 maxumum
674 2462 796 2524 bonum
811 2461 847 2525 in
860 2462 1026 2525 celeritate
1043 2463 1190 2545 putabat.

133 2547 179 2611 44
256 2545 319 2610 Sed
341 2546 538 2632 Allobroges
566 2569 605 2611 ex
626 2552 800 2631 praecepto
824 2548 988 2614 Ciceronis
1014 2571 1072 2633 per
1096 2548 1191 2613 Gabi-

187 2634 279 2698 nium
307 2638 431 2699 ceteros
459 2635 661 2699 conveniunt.
711 2636 751 2699 ab
779 2634 918 2701 Lentulo
947 2636 1091 2722 Cethego
1121 2636 1192 2701 Sta-

188 2722 261 2788 tilio
284 2723 365 2787 item
384 2722 497 2788 Cassio
514 2724 684 2808 postulant
706 2724 756 2788 ius
779 2724 958 2806 iurandum,
981 2725 1068 2807 quod
1086 2724 1193 2809 signa-

189 2814 260 2874 tum
291 2811 332 2874 ad
364 2811 442 2875 civis
473 2811 651 2894 perferant:
688 2813 783 2875 aliter
818 2811 905 2875 haud
936 2811 1030 2875 facile
1063 2833 1118 2876 eos
1151 2812 1192 2876 ad

153 2913 169 2961 2
188 2901 318 2961 tantum
330 2899 500 2983 negotium
513 2899 626 2982 inpelli
638 2921 743 2982 posse.
776 2899 876 2963 ceteri
893 2899 975 2963 nihil
989 2899 1191 2982 suspicantes

189 2986 280 3067 dant,
308 2983 439 3049 Cassius
463 2991 565 3049 semet
588 3008 625 3050 eo
648 2987 739 3051 brevi
764 2991 936 3051 venturum
958 2987 1131 3070 pollicetur
1154 3009 1192 3051 ac

153 3072 285 3156 spaulo
318 3076 393 3136 ante
424 3073 550 3157 legatos
583 3095 622 3137 ex
652 3075 732 3138 urbe
763 3074 988 3157 proficiscitur.
1033 3073 1191 3139 Lentulus

189 3182 263 3224 cum
286 3159 333 3224 eis
351 3159 386 3224 Τ.
401 3159 608 3224 Volturcium
632 3163 791 3245 quendam
810 3160 1055 3228 Crotoniensem
1078 3162 1192 3246 mittit,

188 3252 226 3313 ut
243 3248 439 3333 Allobroges
461 3248 551 3332 prius
572 3271 669 3333 quam
691 3250 823 3314 domum
840 3254 1021 3334 pergerent,
1044 3272 1118 3314 cum
1134 3248 1193 3315 Ca-

188 3336 283 3400 tilina
305 3337 383 3400 data
405 3340 503 3420 atque
522 3340 654 3420 accepta
671 3337 734 3400 fide
748 3337 938 3401 societatem
956 3337 1192 3402 confirmarent.

152 3438 170 3486 4
188 3424 258 3506 ipse
272 3423 443 3489 Volturcio
461 3424 589 3488 litteras
609 3425 648 3487 ad
663 3423 837 3489 Catilinam
851 3426 916 3510 dat,
934 3447 1071 3509 quarum
1090 3447 1192 3490 exem·

187 3510 279 3594 plum
302 3512 387 3576 infra
410 3513 568 3596 scriptum
591 3516 649 3577 est.
