2542 4192
158 275 221 342 108
485 277 513 332 0.
534 274 704 329 SALLUSTI
723 273 836 328 CRISPI

117 435 136 484 4
155 421 299 486 animum
323 421 445 485 adorta.
491 423 525 484 et
547 418 632 484 forte
655 418 691 482 in
713 440 751 483 eo
774 417 847 482 loco
871 417 1002 504 grandis
1025 417 1093 482 ilex
1117 443 1170 484 co·

155 510 281 574 aluerat
298 509 384 573 inter
404 530 490 592 saxa,
512 507 646 591 paulum
664 507 761 571 modo
779 528 891 590 prona,
915 506 1028 572 deinde
1047 506 1170 572 inflexa

155 601 252 680 atque
281 600 377 661 aucta
404 595 440 660 in
467 595 687 680 altitudinem,
719 616 783 678 quo
812 598 929 660 cuncta
958 595 1169 680 gignentium

153 688 272 749 natura
298 684 372 749 fert.
427 683 518 750 ouius
551 682 651 747 ramis
683 683 779 748 modo
817 683 913 747 modo
946 683 1169 749 eminentibus

156 773 242 837 saxis
265 772 357 837 nisus
381 771 482 858 Ligus
505 772 540 837 in
563 771 691 836 castelli
708 770 880 854 planitiem
897 771 1055 856 pervenit,
1079 772 1170 856 quod

119 861 264 925 ocuneti
286 859 448 926 Numidae
471 859 590 925 intenti
612 859 850 942 proeliantibus
869 859 1011 924 aderant.
1058 860 1169 944 exple

154 948 236 1013 ratis
265 949 430 1033 omnibus,
457 970 539 1032 quae
567 969 643 1012 mox
669 947 743 1012 usui
770 946 840 1013 fore
868 947 1019 1031 ducebat,
1053 948 1169 1012 eadem

154 1037 350 1122 regreditur,
371 1058 439 1101 non
461 1040 596 1119 temere,
617 1035 668 1099 uti
691 1036 892 1120 ascenderat,
919 1036 976 1100 sed
998 1039 1169 1119 temptans

119 1139 137 1189 o
156 1125 265 1189 omnia
288 1129 321 1190 et
339 1124 610 1208 circumspiciens.
642 1123 752 1207 itaque
770 1122 912 1188 Marium
929 1145 1067 1208 propere
1089 1125 1168 1209 adit,

157 1217 231 1277 acta
249 1214 371 1297 edocet,
388 1212 550 1296 hortatur,
569 1212 609 1276 ab
626 1233 663 1275 ea
676 1215 779 1296 parte,
798 1234 863 1295 qua
879 1212 949 1296 ipsc
966 1212 1168 1297 ascenderat,

157 1301 328 1366 castellum
351 1303 500 1384 temptet,
523 1299 698 1384 pollicetur
721 1321 791 1365 sese
814 1300 941 1364 itineris
963 1300 1167 1384 periculique

120 1389 279 1454 rducem.
323 1387 448 1453 Marius
472 1410 545 1454 eum
568 1387 688 1474 Ligure
715 1387 885 1472 promissa
905 1388 973 1452 eius
997 1388 1168 1474 cognitum

156 1499 196 1541 ex
217 1477 444 1560 praesentibus
467 1477 567 1541 misit.
591 1499 728 1560 quorum
750 1476 801 1541 uti
820 1476 974 1560 cuiusque
997 1476 1168 1562 ingenium

156 1569 240 1649 erat,
272 1565 412 1630 iterem
435 1565 601 1631 difficilem
625 1569 682 1629 aut
704 1564 834 1631 facilem
855 1564 1060 1649 nuntiavere3
1093 1587 1168 1630 con·

119 1654 236 1718 saulis
261 1654 387 1718 animus
411 1657 522 1718 tamen
543 1653 677 1737 paulum
695 1653 854 1717 adrectus.
885 1653 996 1736 itaque
1015 1674 1055 1717 ex
1072 1653 1169 1738 copia

156 1740 338 1805 tubicinum
362 1745 396 1805 et
419 1741 618 1805 cornicinum
639 1762 774 1806 numero
798 1741 940 1824 quinque
964 1762 1062 1824 quam
1080 1742 1168 1806 velo

156 1827 315 1892 cissumos
348 1828 470 1913 delegit
502 1832 535 1892 ct
568 1850 641 1892 cum
673 1828 733 1912 eis,
764 1828 926 1912 praesidio
960 1829 1016 1911 qui
1047 1828 1168 1915 forent,

156 1918 313 1999 quattuor
345 1915 558 2000 centuriatos,
590 1915 758 2000 omnisque
786 1914 901 2002 Liguri
931 1937 1045 2000 parere
1073 1917 1169 1984 iubet

102 2001 146 2068 94
156 2007 190 2068 et
213 2003 243 2068 ei
264 2003 399 2089 negotio
422 2025 616 2088 proxumum
639 2004 725 2068 diem
748 2003 928 2069 constituit.
966 2005 1022 2069 sed
1044 2005 1104 2070 ubi
1128 2028 1168 2071 ex

154 2096 329 2176 praecepto
353 2097 482 2177 tempus
505 2093 625 2176 visum,
647 2092 771 2176 paratis
796 2092 1039 2176 conpositisque
1063 2095 1166 2158 omni·

154 2180 217 2245 bus
250 2181 290 2245 ad
321 2181 430 2246 locum
458 2180 576 2267 pergit.
622 2184 766 2246 ceterum
788 2180 851 2264 illi,
879 2181 934 2264 qui
962 2201 979 2244 c
1008 2182 1167 2247 centuriis

155 2273 263 2352 crant,
291 2269 459 2352 praedocti
487 2270 631 2334 abduce
659 2290 749 2332 arma
777 2271 992 2352 ornatumque
1020 2274 1167 2335 mutave·

155 2360 242 2420 rant:
262 2356 368 2439 capite
387 2359 484 2439 atque
503 2357 639 2440 pedibus
656 2356 761 2440 nudis,
783 2356 833 2421 uti
850 2361 1043 2441 prospectus
1061 2358 1168 2424 nisus-

156 2464 218 2526 que
236 2464 295 2526 per
314 2464 392 2506 saxa
409 2441 538 2507 facilius
556 2443 656 2528 foret,
675 2466 771 2528 super
789 2447 883 2530 terga
899 2445 1000 2530 gladii
1015 2449 1048 2510 et
1064 2451 1166 2531 scuta,

154 2551 268 2594 verum
291 2551 329 2594 ea
351 2529 526 2595 Numidica
552 2553 591 2595 ex
614 2531 724 2615 coriis,
750 2532 902 2616 ponderis
930 2534 1039 2618 gratia
1066 2535 1166 2599 simul

119 2623 189 2683 aet
213 2617 335 2683 offensa
358 2640 422 2702 quo
445 2619 549 2684 levius
572 2623 762 2704 streperent.
807 2620 910 2706 igitur
935 2623 1166 2707 praegrediens

155 2706 258 2793 Ligus
282 2729 360 2772 saxa
383 2711 416 2772 ct
440 2708 468 2773 si
491 2729 572 2792 quae
590 2712 738 2773 vetustae
758 2709 881 2773 radices
903 2709 1099 2796 eminebant,
1122 2712 1167 2776 la-

156 2796 247 2879 queis
270 2796 443 2881 vinciebat,
466 2797 583 2880 quibus
608 2796 748 2862 adlevati
770 2796 892 2861 milites
909 2796 1038 2863 facilius
1058 2820 1166 2865 escen-

155 2883 277 2967 derent,
290 2884 455 2948 interdum
464 2884 596 2950 timidos
606 2884 782 2950 insolentia
794 2885 922 2950 itineris
935 2884 1042 2950 levare
1052 2908 1169 2972 manu3

154 2970 211 3034 ubi
241 2972 340 3054 paulo
373 2972 518 3055 asperior
550 2994 701 3038 ascensus
729 2976 815 3057 erat,
847 2973 994 3058 singulos
1020 2996 1100 3057 prae
1132 2997 1166 3040 se

154 3057 297 3122 inermos
316 3058 457 3143 mittere,
475 3059 588 3125 deinde
606 3061 677 3144 ipse
696 3060 920 3125 camillorum
939 3061 1039 3126 armis
1058 3062 1167 3147 sequi,

155 3168 237 3229 quae
261 3145 360 3211 dubia
380 3146 468 3212 nisui
489 3147 691 3232 videbantur,
716 3147 917 3232 potissumus
941 3153 1104 3233 temptare
1127 3173 1165 3215 ac

155 3234 283 3319 saepius
307 3235 418 3300 eadem
441 3237 616 3301 ascendens
640 3237 912 3320 descendensque,
944 3237 1019 3302 dein
1049 3239 1165 3303 statim

118 3323 338 3409 edigrediens
367 3324 482 3388 ceteris
510 3324 678 3388 audaciam
702 3325 825 3388 addere.
870 3324 974 3411 igitur
1001 3325 1056 3391 diu
1084 3328 1166 3392 mul·

154 3415 289 3495 tumque
316 3411 449 3498 fatigati
479 3413 610 3477 tandem
632 3412 668 3475 in
691 3412 861 3476 castellum
883 3413 1090 3499 perveniunt,
1113 3417 1165 3480 de

155 3503 278 3563 sertum
306 3501 346 3565 ab
371 3521 407 3564 ea
430 3504 536 3585 parte,
569 3500 655 3583 quod
688 3521 799 3564 omnes
833 3500 917 3566 sicut
947 3501 1022 3566 aliis
1049 3503 1164 3568 diebus

155 3586 328 3651 advorsum
350 3588 457 3653 hostis
481 3589 623 3653 aderant.
660 3586 784 3652 Marius
803 3589 860 3653 ubi
879 3611 919 3653 ex
935 3590 1060 3656 nuntiis
1081 3613 1164 3676 quae
