2542 4192
190 274 234 341 90
516 273 545 328 G.
565 273 737 329 SALLUS'PI
755 272 871 329 CRISPI

136 421 178 486 68
256 419 407 484 Metellus
426 421 602 502 postquam
624 420 662 483 de
686 420 781 484 rebus
801 418 914 504 Vagae
933 420 1015 484 actis
1043 421 1203 505 conperit,

188 507 1204 681 {ululatatustlt{ttatbtttuttt

154 685 235 748 aire
265 682 400 747 iniurias
427 681 571 747 festinat.
617 646 792 768 legidnem,
822 706 896 748 cum
928 705 993 767 qua
1022 683 1203 767 hiemabat,

166 777 222 836 ,et
255 792 352 855 quam
382 770 551 855 plurumos
583 775 694 854 potest
724 769 883 836 Numidas
917 772 1042 855 equites
1074 773 1204 855 pariter

189 882 263 925 cum
286 881 402 925 occasu
419 859 504 925 ‚solis
527 858 693 943 expeditos
717 859 824 924 educit
855 864 888 924 et
910 864 1043 943 postera
1066 860 1118 924 die
1143 861 1204 926 eir-

189 949 271 1013 citer
292 947 374 1012 hora
397 947 496 1012 tertia
517 947 665 1030 pervenit
686 946 722 1010 in
741 948 902 1030 quandam
925 947 1095 1031 planitiem
1118 948 1203 1014 locis

154 1036 286 1120 apaulo
313 1035 534 1120 superioribus
563 1035 823 1099 circumventam.
869 1035 916 1099 ibi
944 1035 1066 1100 milites
1093 1034 1202 1102 fessos

188 1123 316 1189 itineris
340 1123 563 1209 magnitudine
582 1123 695 1186 etiam
714 1122 885 1188 abnuentis
905 1124 1014 1188 omnia
1032 1124 1128 1189 docet
1147 1147 1203 1208 op·

188 1213 301 1296 pidum
315 1210 444 1297 Vagam
465 1232 531 1275 non
555 1210 693 1294 amplius
713 1211 803 1276 mille
822 1233 978 1295 passuum
997 1212 1123 1296 abesse,
1149 1214 1203 1277 de·

190 1323 260 1366 cere
292 1299 367 1363 illos
400 1299 535 1364 relicum
566 1299 712 1363 laborem
740 1321 842 1382 aequo
870 1300 979 1364 animo
1006 1299 1090 1383 pati,
1122 1301 1203 1364 dum

189 1410 248 1472 pro
272 1387 397 1451 civibus
421 1387 502 1471 suis,
529 1386 608 1451 viris
637 1386 836 1452 fortissumis
865 1392 963 1472 atque
987 1387 1202 1473 miserrumis,

189 1497 309 1560 poenas
333 1480 497 1561 caperent3
524 1479 693 1559 praeterea
711 1475 864 1559 praedam
881 1475 1021 1560 benigne
1045 1480 1202 1541 ostentat.

77 1623 81 1629 .
153 1573 171 1621 4
190 1564 237 1629 sic
260 1563 377 1628 animis
402 1585 514 1628 eorum
542 1563 680 1628 adrectis
708 1564 834 1646 equites
857 1563 893 1627 in
914 1564 1021 1647 primo
1043 1562 1124 1646 late,
1148 1586 1203 1647 pe

189 1653 273 1716 dites
306 1673 404 1735 quam
431 1651 604 1715 artissume
632 1651 679 1716 ire
712 1654 745 1714 et
777 1652 871 1736 signa
904 1651 1065 1717 occultare
1098 1651 1202 1717 iubet.

136 1736 178 1800 69
189 1738 358 1823 Vagenses
388 1739 445 1802 ubi
468 1739 613 1802 animum
641 1739 809 1802 advortere
838 1739 878 1803 ad
902 1761 936 1803 se
958 1760 1091 1803 vorsum
1113 1760 1202 1804 exer·

190 1827 291 1891 citum
309 1844 453 1909 pergere,
475 1825 590 1909 primo,
613 1827 670 1890 uti
682 1831 753 1890 erat
771 1848 832 1910 res,
853 1826 1021 1891 Metellum
1041 1848 1111 1891 esse
1135 1829 1203 1892 rati

188 1917 302 1998 portas
334 1912 493 1997 clausere,
526 1913 639 1978 deinde
675 1914 731 1978 ubi
758 1936 862 1998 neque
891 1935 987 2000 agros
1015 1915 1139 1979 vastari
1167 1919 1202 1980 et

189 2023 254 2086 eos,
277 2001 333 2084 qui
355 2001 454 2084 primi
477 2002 623 2085 aderant,
646 2000 805 2067 Numidas
829 2002 955 2085 equites
978 2002 1102 2086 vident,
1131 2025 1202 2067 rur-

190 2113 262 2155 sum
292 2088 486 2174 Iugurtham
514 2089 667 2154 arbitrati
701 2111 774 2154 cum
808 2110 927 2175 magno
960 2091 1079 2175 gaudio
1112 2091 1198 2158 obvii

153 2179 376 2263 aprooedunt.
413 2178 538 2262 equites
561 2178 749 2261 peditesque
772 2182 904 2262 repente
928 2178 1022 2264 signo
1046 2179 1122 2243 dato
1143 2179 1199 2244 alii

186 2268 320 2352 volgum
343 2265 481 2330 effusum
504 2266 623 2349 oppido
647 2266 791 2349 caedere,
824 2265 880 2329 alii
908 2267 948 2331 ad
970 2270 1083 2350 portas
1106 2266 1198 2332 festi-

188 2376 275 2436 nare,
297 2375 373 2436 pars
397 2353 497 2417 turris
521 2375 649 2437 capere:
677 2354 727 2418 ira
755 2357 852 2436 atque
875 2355 1012 2437 praedae
1036 2375 1109 2438 spes
1134 2377 1200 2419 am·

154 2449 170 2497 3
188 2441 275 2525 plius
295 2461 393 2522 quam
410 2440 569 2504 lassitudo
583 2462 687 2524 posse.
714 2441 763 2504 ita
772 2440 940 2527 Vagenses
954 2442 1088 2506 biduom
1102 2444 1200 2507 modo

190 2551 228 2593 111
255 2526 390 2611 perfidia
417 2527 546 2592 laetati:
573 2528 687 2592 civitas
716 2550 835 2614 magna
862 2534 896 2595 et
923 2531 1058 2614 opulens
1082 2535 1200 2595 cuncta

153 2624 311 2702 4poenae
335 2618 392 2680 aut
413 2616 551 2700 praedae
574 2615 647 2680 fuit.
679 2616 854 2702 Turpilius,
879 2640 975 2701 quem
997 2617 1199 2701 praefectum

190 2704 300 2789 oppidi
319 2726 420 2768 unum
438 2727 477 2768 ex
496 2704 646 2770 omnibus
664 2704 849 2790 profugisse
868 2727 966 2790 supra
988 2706 1199 2791 ostendimus,

189 2793 297 2858 iussus
321 2814 340 2856 a
362 2791 496 2857 Metello
520 2815 652 2858 causam
674 2793 779 2857 dicere
798 2797 975 2878 postquam
993 2814 1063 2857 sese
1081 2815 1199 2880 parum

190 2883 361 2965 expurgat,
392 2881 623 2945 condemnatus
651 2881 904 2965 verberatusque
937 2881 1042 2965 eapite
1075 2903 1198 2965 poenas

190 2968 302 3050 solvit3
323 2989 401 3030 nam
423 2967 452 3031 is
476 2968 555 3032 civis
580 2990 618 3032 ex
641 2967 737 3032 Latio
761 2973 840 3033 erat.

138 3050 180 3115 70
277 3054 341 3119 Per
371 3054 458 3118 idem
490 3058 619 3140 tempus
651 3055 830 3140 Bomilcar,
862 3058 952 3122 cuius
982 3057 1115 3141 inpulsu
1146 3056 1199 3122 Iu·

190 3143 311 3228 gurtha
329 3142 535 3228 deditionem,
559 3165 655 3227 quam
675 3148 765 3209 metu
783 3145 935 3229 deseruit,
953 3146 1128 3229 inceperat,
1148 3167 1199 3209 su·

190 3235 320 3315 spectus
344 3230 414 3315 regi
437 3236 470 3295 et
493 3231 562 3316 ipse
586 3254 661 3296 eum
679 3232 857 3316 suspiciens
880 3255 981 3298 novas
1000 3254 1052 3297 res
1072 3254 1199 3317 cupere,

190 3319 230 3382 ad
252 3319 428 3402 perniciem
451 3319 520 3384 eius
544 3319 655 3384 dolum
674 3341 841 3404 quaerere,
864 3321 915 3385 die
938 3324 1102 3404 noctuque
1125 3320 1200 3386 fati-

154 3420 170 3469 a
190 3426 266 3491 gare
291 3407 442 3472 animum.
476 3408 612 3492 denique
641 3409 750 3472 omnia
772 3409 963 3492 temptando
988 3409 1112 3473 socium
1136 3409 1200 3473 sibi

190 3494 338 3580 adiungit
353 3494 564 3579 Nabdalsam,
581 3495 748 3560 hominem
760 3496 915 3579 nobilem,
929 3497 1058 3581 magnis
1073 3496 1200 3580 opibus,

189 3581 313 3646 clarum
336 3587 568 3667 acceptumque
590 3584 803 3668 popularibus
827 3584 907 3669 suis,
931 3585 987 3669 qui
1008 3584 1200 3670 plerumque
