2542 4192
119 246 163 312 48
450 245 479 301 (l.
499 245 670 300 SALLUSTI
688 243 805 300 CRISPI

82 408 101 458 ‘1
188 390 340 457 Ceterum
363 394 438 455 ante
461 390 522 455 hos
546 394 592 472 te,
615 388 789 475 Iugurtha,
818 389 874 472 qui
898 392 1005 454 aetate
1030 393 1065 453 et
1089 411 1141 454 sa·
1186 414 1189 418 ¹

120 479 244 564 pientia
275 479 366 562 prior
397 500 448 563 00,
479 499 519 543 ne
552 478 647 542 aliter
680 477 757 560 quid
790 476 931 559 eveniat,
963 477 1139 560 providere

122 567 222 631 dccet.
266 588 343 630 nam
374 565 410 630 in
438 566 526 631 omni
559 565 734 630 certamine
769 564 826 647 qui
858 564 1044 647 opulentior
1077 569 1140 650 est,

123 654 222 718 etiam
237 653 265 717 si
280 653 398 737 accipit
412 653 574 737 iniuriam,
588 657 706 736 tamen,
723 652 799 735 quia
808 652 882 735 plus
896 654 1016 736 potest,
1029 651 1139 718 facere

87 742 260 806 avidetur.
310 763 368 806 vos
401 746 524 825 autem,
557 740 723 805 Adherbal
756 742 789 803 et
819 738 1003 823 Hiempsal,
1037 739 1140 805 colite

124 830 292 894 observate
321 829 422 893 talem
449 829 535 893 hunc
561 829 681 911 virum,
713 826 891 891 imitamini
917 826 1075 890 virtutem
1104 832 1140 892 et

124 916 299 1001 enitimini,
326 938 366 981 110
393 936 454 1001 ego
482 914 632 980 meliores
665 915 787 979 liberos
820 913 998 997 sumpsisse
1025 914 1140 979 videar

125 1025 223 1088 quam
246 1002 417 1090 genuisse?

73 1093 112 1157 11
190 1089 243 1156 Ad
261 1114 299 1156 00
312 1091 481 1176 Iugurtha,
499 1091 633 1155 tametsi
651 1111 762 1175 regem
780 1090 858 1154 ficta
875 1089 1022 1154 locutum
1040 1089 1138 1154 intel-

124 1180 256 1265 legebat
283 1183 317 1243 et
343 1179 413 1263 ipsc
440 1179 536 1263 longe
568 1178 663 1242 aliter
691 1178 799 1242 animo
831 1177 993 1262 agitabat,
1025 1181 1139 1242 tamen

124 1289 184 1351 pro
207 1271 353 1351 tempore
376 1266 516 1351 benigne
539 1266 716 1349 respondit.

87 1370 106 1418 a
190 1353 328 1438 Micipsa
350 1354 462 1437 paucis
484 1356 561 1438 post
580 1354 693 1418 diebus
712 1354 859 1418 moritur.
888 1356 1066 1438 postquam
1084 1352 1139 1417 illi

125 1464 215 1507 more
237 1441 327 1528 regio
350 1442 439 1506 iusta
465 1441 635 1527 magnifice
658 1441 816 1524 fecerant,
843 1441 950 1526 reguli
977 1441 1012 1504 in
1034 1462 1137 1504 unum

125 1533 356 1615 convenerimt,
387 1534 426 1594 ut
448 1529 534 1594 inter
557 1551 591 1593 se
624 1530 662 1594 de
692 1529 817 1594 cunctis
839 1528 983 1614 negotiis
1013 1528 1137 1612 discep-

88 1633 106 1681 e
125 1622 242 1682 1010111.
279 1618 336 1682 sed
358 1617 537 1701 Hiempsal,
562 1617 617 1699 qui
640 1617 803 1681 minumus
827 1638 867 1680 01
888 1616 954 1679 illis
979 1619 1058 1700 erat,
1081 1637 1138 1680 na-

126 1710 200 1769 tura
222 1705 314 1769 ferox
336 1708 370 1768 et
386 1705 453 1768 iam
473 1708 569 1768 antea
586 1704 830 1788 ignobilitatem
848 1703 1036 1789 Iugurthae,
1060 1703 1138 1786 quia

50 1832 60 1847 ι
126 1796 272 1856 materno
300 1811 416 1875 genere
440 1792 534 1875 inpar
557 1796 641 1874 erat,
664 1792 855 1876 despiciens,
878 1792 992 1855 dextra
1013 1788 1138 1855 Adher·

125 1879 232 1944 balem
255 1879 393 1963 adsedit,
419 1901 460 1943 ne
483 1878 610 1943 medius
638 1880 820 1962 extribus,
848 1878 934 1961 quod
962 1878 1048 1962 apud
1069 1877 1138 1944 Nu·

89 1967 229 2031 smidas
256 1966 373 2033 11011011
405 1967 547 2050 ducitur,
578 1965 739 2052 Iugurtha
771 1967 865 2031 foret.
916 1967 990 2030 dein
1016 1969 1137 2051 tamen,

124 2058 162 2119 ut
185 2055 287 2120 aetati
306 2055 505 2140 concederet,
527 2054 685 2140 fatigatus
705 2077 725 2118 a
741 2054 852 2139 fratre,
874 2053 929 2119 vix
951 2054 986 2117 in
1008 2057 1137 2137 partem

89 2144 262 2208 5011010111
289 2144 499 2209 transductus
522 2147 582 2207 001.
627 2143 674 2207 ibi
703 2164 777 2208 cum
804 2142 908 2206 multa
935 2141 973 2205 de
1001 2141 1136 2206 admini-

126 2232 260 2295 strando
282 2231 420 2315 imperio
444 2231 652 2316 dissererent,
679 2229 839 2316 Iugurtha
865 2229 952 2292 inter
979 2229 1060 2293 alias
1084 2250 1136 2293 res

124 2318 204 2383 iacit
241 2323 390 2401 oportere
419 2319 618 2402 quinquenni
646 2320 795 2384 consulta
819 2321 852 2381 ct
875 2317 1005 2381 decreta
1027 2317 1137 2382 omnia

125 2405 279 2488 rescindi,
309 2427 388 2469 nam
418 2427 477 2489 per
506 2428 544 2470 ea
571 2410 719 2489 tempora
746 2405 930 2471 confectum
961 2404 1053 2469 annis
1077 2403 1137 2468 Mi-

90 2493 250 2576 ecipsam
277 2515 394 2576 parum
422 2493 529 2558 animo
557 2493 706 2558 valuisse.
753 2498 824 2558 tum
850 2493 938 2557 idem
965 2491 1136 2576 Hiempsal

125 2581 253 2664 placere
282 2581 345 2645 sibi
368 2581 548 2666 respondit,
575 2603 652 2645 nam
678 2582 787 2665 ipsum
813 2581 909 2645 illum
935 2581 1040 2645 tribus
1064 2601 1135 2663 pro·

90 2669 231 2734 txumis
256 2669 348 2734 annis
372 2669 581 2754 adoptatione
604 2670 640 2733 in
662 2690 799 2755 regnum
822 2668 1015 2753 pervenisse.
1049 2668 1137 2750 quod

125 2760 262 2823 verbum
289 2758 324 2822 in
350 2762 464 2842 pectus
487 2757 666 2843 Iugurthae
695 2758 809 2842 altius,
837 2778 935 2840 quam
963 2755 1137 2838 quisquam

90 2850 216 2910 8ratus
245 2850 328 2927 erat,
356 2846 530 2910 descendit.
575 2845 686 2929 itaque
714 2868 754 2911 ex
781 2868 818 2910 00
848 2849 994 2927 tempore
1021 2843 1073 2906 ira
1102 2846 1136 2906 et

126 2937 216 2997 metu
239 2934 352 2997 anxius
376 2932 484 2996 moliri
506 2954 621 3016 parare
646 2937 743 3017 atque
762 2955 800 2998 ea
818 2932 914 2996 modo
934 2952 1008 2995 oum
1026 2930 1135 2994 animo

89 3019 254 3103 ohaberc,
278 3020 396 3103 quibus
418 3019 588 3104 Hiempsal
611 3043 670 3105 per
693 3021 804 3086 dolum
828 3021 1005 3103 caperetur.
1052 3038 1135 3100 quae

126 3107 183 3172 ubi
202 3107 326 3171 tardius
345 3107 526 3191 procedunt
543 3130 647 3192 neque
665 3109 787 3173 lenitur
805 3107 931 3172 animus
950 3105 1051 3189 ferox,
1070 3108 1136 3170 sta-

126 3195 192 3260 tuit
211 3195 324 3279 quoris
348 3195 444 3260 modo
467 3195 633 3281 inceptum
655 3197 817 3280 perficere.

76 3282 116 3350 12
192 3283 303 3348 Primo
331 3287 506 3367 conventu,
539 3305 636 3367 quem
663 3285 705 3348 ab
734 3282 857 3368 regulis
884 3281 1011 3347 factum
1037 3302 1136 3364 supra

126 3372 316 3453 memoravi,
339 3375 473 3455 propter
496 3371 730 3436 dissensionem
752 3371 922 3455 placuerat
944 3369 1044 3434 dividi
1067 3369 1136 3433 the-

90 3473 107 3521 a
127 3480 239 3524 sauros
262 3459 401 3542 finisque
424 3460 541 3543 imperi
565 3459 702 3545 singulis
726 3458 892 3524 constitui.
921 3458 1033 3540 itaque
1056 3459 1137 3521 tem·

125 3568 186 3628 pus
219 3547 260 3610 ad
290 3550 463 3631 utramque
495 3569 565 3612 rem
592 3547 789 3632 decernitur,
821 3546 877 3611 sed
906 3545 1067 3610 maturius
1095 3544 1136 3609 ad
