2542 4192
338 242 483 296 BELLUM
501 241 695 296 CATILINAE
715 259 737 296 c.
758 247 800 298 31.
1031 239 1072 304 31

65 386 157 453 noris
182 387 370 452 convictos?
399 387 450 451 sin
473 386 550 469 quia
572 386 675 450 levius
698 390 763 469 est,
791 386 847 469 qui
870 387 1019 450 convenit
1041 386 1077 449 in
1095 402 1129 450 24

67 477 192 540 minore
210 475 342 560 negotio
361 475 468 559 legem
484 474 614 557 timere,
638 496 711 538 cum
734 496 806 538 eam
822 474 858 538 in
880 474 1001 538 maiore
1023 495 1076 538 ne-

90 563 232 628 leeris?
1050 604 1053 611 .

66 585 90 648 g
121 584 181 716 gAt
209 651 295 714 enim
323 650 395 733 quis
422 649 636 733 reprehendet
663 649 749 733 quod
771 650 807 713 in
828 650 1005 733 parricidas
1028 651 1076 715 rei
1095 665 1128 713 25

65 739 216 823 publicae
244 740 409 802 decretum
436 737 521 801 erit?
553 741 682 820 tempus
710 738 778 801 dies
805 736 951 821 fortuna,
984 740 1074 803 cuius

65 828 178 892 lubido
203 826 354 911 gentibus
378 825 573 890 moderatur.
617 824 683 888 illis
707 824 824 888 merito
844 826 967 890 accidet
990 826 1076 909 quic·
1094 841 1128 889 26

67 914 146 997 quid
169 913 324 979 evenerit:
357 917 501 978 ceterum
518 934 586 996 vos,
608 915 719 996 patres
738 913 922 996 conscripti,
946 914 1023 996 quid
1041 914 1075 976 in

67 1003 151 1066 alios
175 1001 343 1083 statuatis,
370 1001 580 1065 considerate.
625 1001 734 1065 omnia
759 999 846 1064 mala
868 1001 1014 1084 exempla
1037 1023 1076 1064 ex
1094 1017 1127 1065 2⁵1

67 1090 165 1153 rebus
189 1089 283 1153 bonis
307 1091 380 1153 orta
402 1093 487 1153 sunt.
533 1088 589 1152 sed
610 1088 668 1152 ubi
690 1088 864 1172 imperium
887 1089 927 1151 ad
944 1088 1075 1173 ignaros

67 1178 138 1241 eius
157 1176 339 1240 autminus
358 1177 461 1241 bonos
480 1176 636 1260 pervenit,
658 1197 777 1240 novom
794 1176 876 1240 illud
894 1177 1075 1259 exemplum

68 1266 110 1329 ab
134 1265 240 1350 dignis
264 1269 297 1328 et
315 1264 439 1328 idoneis
458 1265 499 1327 ad
516 1264 667 1349 indignos
686 1268 720 1328 et
736 1286 803 1328 non
820 1263 953 1328 idoneos
972 1267 1075 1328 trans·

67 1352 180 1416 fertur.
226 1350 473 1416 Lacedaemonii
500 1351 634 1415 devietis
658 1350 912 1416 Atheniensibus
939 1352 1075 1437 triginta
1093 1369 1126 1417 23

68 1441 157 1504 viros
180 1440 365 1524 inposuere,
395 1440 452 1522 qui
475 1460 544 1503 rem
566 1438 731 1522 publicam
753 1461 865 1504 eorum
888 1443 1074 1505 tractarent.

67 1528 100 1592 ei
121 1528 227 1611 primo
252 1549 385 1611 coepere
407 1548 596 1610 pessumum
619 1548 778 1611 quemque
800 1530 834 1590 et
857 1527 1007 1592 omnibus
1029 1528 1075 1590 in·
1093 1544 1126 1592 23

68 1616 175 1681 visum
197 1616 420 1679 indemnatum
441 1636 570 1680 necare:
596 1635 634 1678 ea
654 1615 794 1698 populus
816 1614 933 1679 laetari
956 1619 989 1678 et
1012 1636 1075 1678 me-

68 1703 134 1767 rito
164 1703 268 1767 dicere
295 1703 374 1767 fieri.
423 1707 499 1787 post
526 1702 582 1766 ubi
610 1702 769 1786 paulatim
800 1702 933 1767 licentia
964 1703 1075 1786 crevit,
1094 1719 1127 1768 30

67 1791 161 1854 iuxta
190 1791 293 1854 bonos
320 1795 355 1854 et
382 1791 485 1854 malos
517 1790 698 1855 lubidinose
726 1790 921 1875 interficere,
951 1795 1075 1856 ceteros

68 1882 159 1942 metu
190 1880 324 1942 terrere:
355 1878 404 1941 ita
435 1878 549 1942 civitas
582 1879 738 1943 servitute
770 1879 924 1962 obpressa
955 1879 1075 1943 stultae
1094 1895 1125 1942 31

68 1965 213 2030 laetitiae
237 1966 346 2051 gravis
369 1988 490 2048 poenas
514 1965 611 2029 dedit.
654 1970 768 2030 nostra
791 1966 948 2030 memoria
969 1967 1075 2031 victor
1093 1982 1126 2030 32

70 2052 161 2118 Sulla
175 2075 249 2118 oum
262 2053 499 2137 Damasippum
512 2057 545 2117 et
559 2053 642 2116 alios
656 2053 725 2116 eius
739 2053 836 2135 modi,
856 2053 912 2135 qui
926 2054 1012 2116 malo
1027 2055 1074 2118 rei

68 2141 217 2224 publicae
245 2145 426 2225 creverant,
454 2139 595 2224 iugulari
622 2139 731 2221 iussit,
759 2139 831 2222 quis
858 2161 926 2203 non
951 2139 1075 2205 factum

68 2229 138 2292 eius
157 2228 333 2293 laudabat?
356 2228 504 2293 homines
524 2227 678 2291 scelestos
698 2231 731 2290 et
747 2226 915 2311 factiosos,
934 2227 989 2311 qui
1008 2228 1076 2292 sed·

68 2317 226 2381 itionibus
249 2316 505 2400 rempublicam
528 2315 780 2400 exagitaverant,
803 2315 920 2379 merito
942 2320 1074 2381 necatos

69 2404 208 2469 aiebant.
253 2405 309 2469 sed
333 2426 371 2467 ea
392 2425 443 2468 res
467 2425 604 2488 magnae
621 2403 753 2468 initium
771 2404 871 2468 cladis
890 2404 963 2469 fuit.
998 2422 1126 2470 11111133

68 2493 120 2556 uti
142 2493 279 2575 quisque
302 2493 434 2556 domum
458 2495 515 2555 aut
536 2492 657 2576 villam,
680 2495 846 2575 postremo
870 2514 926 2557 vas
951 2498 1007 2556 aut
1024 2515 1075 2556 ve·

70 2581 262 2644 stimentum
284 2579 420 2643 alicuius
444 2581 681 2664 concupiverat,
704 2581 804 2644 dabat
827 2601 967 2662 operam,
989 2585 1027 2643 111
1046 2580 1074 2643 is

69 2668 105 2732 in
122 2668 380 2751 proscriptorum
397 2689 532 2732 numero
551 2672 645 2732 esset.
675 2668 724 2730 ita
741 2667 800 2751 illi,
823 2667 940 2750 quibus
959 2666 1075 2730 Dama·
1094 2684 1128 2732 34

70 2756 156 2839 sippi
179 2777 266 2820 mors
289 2755 434 2820 laetitiae
456 2755 576 2839 fuerat,
600 2755 698 2838 paulo
720 2759 797 2838 post
819 2754 883 2837 ipsi
905 2753 1076 2819 traheban-

69 2847 133 2926 tur,
150 2864 254 2926 neque
272 2843 362 2926 prius
381 2843 455 2907 finis
473 2843 641 2928 iugulandi
658 2842 731 2925 fuit,
750 2864 848 2926 quam
863 2840 953 2906 Sulla
971 2843 1075 2906 omnis

70 2952 146 2994 suos
165 2931 288 2995 divitiis
306 2931 456 3014 explevit.
493 2935 590 3015 atque
608 2951 669 3015 ego
687 2931 768 2994 haee
783 2953 850 2994 non
863 2930 897 2994 in
911 2929 954 2994 M.
968 2930 1075 2995 Tullio
1094 2947 1127 2996 35

68 3040 173 3101 neque
199 3018 251 3083 his
278 3020 480 3102 temporibus
507 3040 633 3101 vereor,
660 3018 716 3082 sed
742 3018 777 3082 in
804 3040 922 3104 magna
944 3019 1075 3083 civitate

70 3106 174 3170 multa
193 3110 226 3171 et
244 3109 335 3171 varia
353 3107 482 3192 ingenia
501 3111 586 3170 sunt.
621 3109 733 3190 potest
751 3106 815 3171 alio
834 3111 989 3190 tempore,
1011 3108 1074 3170 alio
1094 3124 1128 3172 36

70 3195 214 3279 consule,
242 3194 295 3258 cui
321 3195 402 3258 item
429 3194 588 3258 exercitus
616 3195 651 3257 in
673 3216 771 3258 manu
794 3194 852 3278 sit,
878 3194 998 3258 falsum
1021 3194 1076 3257 ali-

70 3281 148 3364 quid
169 3303 229 3366 pro
253 3304 328 3346 vero
352 3281 451 3346 credi:
474 3282 531 3346 ubi
551 3281 613 3346 hoc
633 3283 778 3366 exemplo
798 3285 1006 3364 persecatus
1026 3282 1076 3344 de·

69 3374 195 3433 cretum
210 3370 323 3435 consul
342 3370 486 3455 gladium
504 3370 658 3454 eduxerit,
677 3372 750 3454 quis
768 3370 819 3434 illi
835 3369 934 3432 finem
953 3372 1076 3433 statuet

69 3461 127 3522 aut
149 3459 222 3540 quis
246 3457 490 3522 moderabitur?

135 3544 276 3611 Maiores
307 3545 427 3630 nostri,
461 3549 571 3629 patres
604 3545 793 3631 conscripti,
828 3567 933 3628 neque
961 3546 1076 3610 consili
1095 3561 1129 3610 37
