2542 4192
295 250 440 305 BELLUM
460 250 653 306 CATILINAE
673 267 696 306 0.
717 257 828 306 17-20.
1033 255 1073 313 11

64 417 103 460 00
130 417 164 459 10
196 395 329 479 cognita
356 417 467 460 rursus
494 396 529 460 in
555 418 658 461 nonas
681 397 876 462 Februarias
904 396 1109 463 consiliumo

64 483 171 547 caedis
195 484 441 548 transtulerant.
485 484 552 548 iam
575 488 646 548 tum
668 507 736 549 non
758 486 944 551 consulibus
967 485 1108 569 modost

64 572 121 636 sed
152 571 315 654 plerisque
348 572 555 636 senatoribus
586 574 762 656 perniciem
795 574 1073 639 machinabantur.

63 659 151 742 quod
178 660 214 723 ni
238 659 380 724 Catilina
403 665 600 725 maturasset
626 683 686 744 pro
711 662 799 727 curia
823 663 953 747 signum
976 660 1072 726 sociis
1092 676 1108 725 8

62 748 151 831 dare,
174 769 212 812 eo
236 747 287 812 die
309 752 386 830 post
410 748 574 812 conditam
596 749 711 814 urbem
728 748 868 815 Romam
886 771 1073 834 pessumum

62 835 190 911 facinus
216 839 384 919 patratum
411 835 505 901 foret.
552 837 628 921 quia
650 838 794 902 nondum
816 838 1002 920 frequentes
1026 859 1073 901 ar·
1096 853 1098 856 ⁴

64 923 147 987 mati
174 928 403 1006 convenerant,
433 946 471 988 00
498 947 550 989 res
578 926 750 990 eonsilium
773 925 912 990 diremit.
956 928 1125 1009 postea19

64 1010 142 1076 Piso
169 1011 204 1076 in
232 1012 416 1076 citeriorem
438 1011 632 1096 Hispaniam
660 1018 814 1097 quaestor
840 1016 1073 1098 propraetore

64 1099 184 1164 missus
213 1104 263 1163 est
291 1100 457 1164 adnitente
481 1099 613 1184 Crasso,
643 1102 826 1184 quodcum
848 1101 1005 1165 infestum
1027 1101 1074 1163 in·

63 1188 198 1252 imicum
222 1186 279 1253 Cn.
302 1187 464 1271 Pompeio
482 1193 687 1274 cognoverat.
731 1211 836 1274 neque
855 1193 966 1253 tamen
985 1210 1073 1253 sena·
1092 1203 1107 1251 2

64 1280 118 1339 tus
141 1275 343 1358 provinciam
365 1277 486 1340 invitus
510 1277 651 1360 dederat,
674 1278 793 1361 quippe
816 1277 946 1341 foedum
970 1276 1073 1340 homi-

62 1384 138 1426 nem
157 1385 177 1427 a
194 1385 229 1427 re
247 1364 379 1447 publica
396 1364 509 1447 procul
528 1386 598 1428 esse
616 1365 760 1449 volebat,
784 1366 880 1430 simul
900 1365 977 1449 quia
995 1364 1073 1429 boni

64 1451 236 1533 conplures
258 1452 456 1535 praesidium
479 1452 514 1516 in
537 1474 574 1516 eo
597 1453 760 1534 putabant
783 1457 815 1517 et
838 1454 904 1516 iam
928 1457 999 1517 tum
1018 1475 1074 1535 po·

62 1538 170 1602 tentia
191 1536 326 1622 Pompei
348 1538 561 1604 formidulosa
584 1543 662 1604 crat.
709 1540 765 1604 sed
792 1541 821 1604 is
844 1539 921 1604 Piso
944 1540 979 1603 in
1001 1561 1073 1621 pro·
1092 1555 1108 1603 3

63 1626 171 1691 vincia
194 1627 235 1691 ab
259 1622 423 1711 equitibus
446 1627 612 1712 Hispanis,
636 1650 717 1712 quos
740 1628 775 1692 in
797 1628 941 1693 exercitu
965 1629 1074 1692 ducta·

63 1715 137 1799 bat,
167 1715 231 1778 iter
261 1714 383 1779 faciens
417 1716 541 1781 occisus
574 1721 633 1781 est.
684 1721 761 1781 sunt
793 1717 849 1801 qui
879 1717 928 1780 ita
954 1716 1108 1798 dicant,4

63 1802 202 1886 imperia
225 1802 293 1867 eius
316 1804 439 1867 iniusta
462 1805 601 1887 superba
623 1805 766 1869 crudelia
787 1805 945 1869 barbaros
963 1804 1072 1887 nequi-

63 1891 149 1955 visse
173 1891 257 1976 pati;
280 1891 336 1954 alii
359 1895 477 1974 autem,
500 1893 626 1976 equites
648 1892 733 1975 illos,
757 1892 814 1958 Cn.
833 1893 969 1977 Pompei
986 1895 1072 1958 vete·
1091 1906 1107 1954 5

64 2000 117 2042 res
131 1978 277 2061 fidosque
293 1979 430 2065 clientis,
448 1979 616 2045 voluntate
636 1981 704 2046 eius
718 1978 871 2044 Pisonem
885 2001 1072 2064 aggressos:

63 2087 242 2149 numquam
259 2065 424 2150 Hispanos
447 2072 615 2151 praeterea
637 2068 703 2131 tale
724 2067 850 2133 facinus
868 2066 993 2150 fecisse,
1017 2067 1072 2130 sed

63 2154 202 2237 imperia
231 2176 326 2219 saera
349 2155 453 2219 multa
484 2159 579 2218 antea
601 2176 782 2237 perpessos.
827 2176 886 2218 nos
911 2176 982 2218 eam
1004 2175 1073 2217 rem

63 2242 100 2305 in
118 2241 224 2306 medio
243 2241 471 2326 relinquemus.
510 2243 548 2306 de
568 2242 732 2326 superiore
751 2241 972 2307 coniuratione
992 2241 1072 2305 satis
1092 2259 1108 2306 6

64 2329 198 2394 dictum.

132 2417 274 2483 Catilina
296 2419 353 2483 ubi
376 2441 440 2502 eos,
469 2440 549 2503 quos
571 2420 669 2502 paulo
693 2422 768 2484 ante
792 2418 977 2502 memorari,
1001 2423 1125 2487 con-20

64 2506 192 2570 venisse
216 2506 313 2589 videt,
335 2507 468 2571 tametsi
491 2529 565 2571 cum
588 2507 726 2592 singulis
755 2507 859 2570 multa
884 2527 979 2589 saepe
1003 2526 1073 2590 ege-

64 2598 127 2676 rat,
150 2597 261 2656 tamen
282 2594 318 2656 in
339 2616 409 2658 rem
427 2595 497 2660 fore
516 2595 646 2659 credens
666 2595 836 2659 univorsos
856 2594 1018 2676 appellare
1040 2597 1073 2656 et

64 2681 244 2764 cohortari,
276 2681 310 2744 in
342 2682 486 2746 abditam
499 2686 645 2765 partem
673 2682 800 2745 aedium
828 2681 948 2745 secedit
975 2683 1073 2762 atque

63 2770 113 2833 ibi
137 2769 287 2834 omnibus
311 2770 443 2835 arbitris
466 2771 579 2854 procul
603 2769 721 2833 amotis
741 2768 922 2833 orationem
939 2767 1073 2833 huiusce

64 2856 153 2922 modi
177 2856 307 2920 habuit:

132 2942 189 3008 ‘Ni
221 2946 325 3009 virtus
356 2946 499 3031 fidesque
531 2949 643 3011 vostra
675 2948 822 3029 spectata
849 2942 930 3008 mihi
956 2943 1108 3029 forent,2

63 3032 262 3116 nequiquam
286 3039 468 3118 opportuna
490 3057 542 3099 res
566 3034 747 3117 cecidisset3
771 3055 844 3116 spes
870 3033 1074 3116 1110011010-

64 3120 203 3185 minatio
231 3121 266 3184 in
293 3122 442 3186 manibus
469 3121 592 3186 frustra
618 3121 770 3204 fuissent,
796 3142 901 3204 neque
928 3141 988 3204 ego
1016 3139 1074 3201 per

64 3208 231 3292 ignaviam
259 3213 316 3273 aut
343 3232 426 3274 rana
452 3209 582 3295 ingenia
608 3210 733 3275 incerta
759 3230 818 3291 pro
846 3207 943 3273 certis
967 3209 1074 3288 capta-

64 3317 143 3359 rem.
194 3297 250 3361 sed
278 3297 353 3381 quia
380 3297 493 3361 multis
522 3301 555 3361 et
582 3298 709 3383 magnis
736 3294 987 3378 tempestatibus
1015 3309 1108 3356 rosa

64 3384 205 3469 cognovi
236 3384 332 3449 fortis
363 3385 509 3468 fidosque
541 3385 635 3468 mihi,
667 3407 705 3449 00
738 3383 864 3448 animus
898 3402 994 3444 ausus
1023 3384 1074 3444 est

64 3493 254 3537 maxumum
269 3476 367 3556 atque
383 3473 647 3557 pulcherrumum
665 3471 789 3535 facinus
808 3469 958 3552 incipere,
977 3468 1073 3533 simul

64 3559 142 3642 quia
170 3561 265 3625 vobis
296 3562 407 3625 eadem
436 3582 516 3644 quae
544 3559 625 3624 mibi
651 3559 738 3624 bona
764 3557 912 3640 malaque
936 3578 1006 3621 esse
1028 3559 1076 3621 in·
