2542 4192
300 273 446 328 nannum
463 273 720 330 ιιιιιιιιιιιιιιιιιιι
739 238 889 330 era-21.
1058 275 1100 340 57

92 420 200 503 tabat,
228 423 358 502 praeter
384 441 503 484 nomen
533 423 639 484 cetera
665 419 799 504 ignarus
826 419 940 502 populi
962 419 1102 484 Romani

92 509 236 590 itemque
258 507 353 571 nobis
376 529 480 590 neque
503 507 589 571 bello
607 528 711 590 neque
729 529 807 591 pace
827 511 923 572 antea
942 507 1101 592 cognitus.

92 596 131 659 de
154 594 267 659 Africa
296 598 329 658 et
353 595 422 658 eius
450 594 565 659 ineolis
593 595 634 659 ad
656 595 927 660 necessitudinem
949 596 997 660 rei
1020 595 1136 661 satias

93 683 226 747 dictum.

159 769 340 854 Postquam
367 770 470 835 diviso
493 791 593 856 regno
616 771 719 856 legati
741 771 855 836 Africa
882 772 1045 837 decessere
1069 772 1156 837 etro

93 857 254 942 Iugurtha
276 862 390 922 contra
413 858 565 923 timorem
583 859 683 923 animi
700 860 845 943 praemia
864 860 993 924 sceleris
1009 860 1102 944 adep

93 949 165 1008 tum
192 967 262 1010 sese
289 945 390 1029 videt,
423 950 551 1010 certum
573 968 643 1011 esse
667 951 766 1026 ratus,
800 948 885 1030 quod
918 969 957 1011 ex
989 948 1101 1012 amicis

94 1033 180 1116 apud
192 1031 406 1098 Numantiam
421 1039 597 1118 acceperat,
616 1035 725 1098 omnia
738 1035 862 1099 Romae
877 1034 1004 1099 venalia
1022 1056 1101 1119 esse,

95 1121 191 1184 simul
210 1125 243 1184 et
260 1121 393 1185 illorum
410 1122 573 1205 pollicitat
523 1122 702 1187 itionibus
722 1144 885 1205 accensus,
905 1143 985 1205 quos
1004 1122 1102 1206 paulo

94 1212 169 1272 ante
192 1209 378 1273 muneribus
403 1210 596 1293 expleverat,
618 1211 654 1274 in
671 1231 807 1296 regnum
822 1173 1090 1274 Adherbalisam

95 1318 184 1360 mum
206 1297 255 1360 int
241 1296 354 1360 tendit.
391 1297 466 1380 ipse
485 1319 558 1362 acer
580 1261 768 1382 bellicosum
792 1298 877 1362 atis
902 1319 998 1381 quem
1015 1301 1102 1382 pete·
1121 1312 1138 1360 2

93 1385 152 1448 bat
175 1384 304 1467 quietus
326 1384 471 1468 inbellis,
498 1385 663 1485 placido
654 1387 799 1470 mgeni0,
827 1386 1102 1470 opportunusin-

94 1471 211 1555 iuriae,
242 1476 390 1537 metucns
422 1473 527 1557 magis
560 1494 657 1556 quam
687 1473 886 1537 metuendus.
932 1474 1036 1560 igitur
1063 1489 1137 1537 exa

94 1559 259 1712 ttt?
276 1560 355 1712 ld
380 1559 1103 1732 Ξῗέιιῗῖιξιῖἕῖιιωῖῗὲιιῗῗῗζιῗὲιιῗ

94 1725 169 1799 ficia
194 1736 351 1818 incendit,
382 1736 536 1819 pleraque
563 1736 636 1801 loca
661 1737 826 1801 hostiliter
854 1758 928 1801 cum
955 1736 1103 1819 equitatu

95 1823 229 1906 adcedit,
249 1785 363 1887 deinde
377 1845 451 1888 cum
469 1846 557 1888 cmm
548 1824 687 1888 multit
673 1824 812 1889 tudine
802 1847 838 1889 m
851 1845 988 1910 regnum
1007 1846 1102 1889 suum
1120 1839 1138 1886 4

96 1911 271 1994 convertit,
302 1912 502 1975 existumans
530 1910 749 1977 Adherbalem
776 1913 887 1978 dolore
916 1917 1103 1997 permotum

96 1998 229 2064 iniurias
259 2021 333 2063 suas
361 2021 458 2063 manu
487 1999 726 2066 vindicaturum
757 2023 892 2084 eamque
924 2023 993 2064 rem
1023 1999 1103 2065 belli

96 2107 227 2150 causam
256 2087 335 2150 fore.
381 2090 416 2150 at
442 2086 512 2170 ille,
545 2087 630 2169 quod
660 2110 764 2170 neque
797 2109 831 2151 sc
860 2109 972 2171 parem
1004 2087 1139 2151 armis5

95 2175 314 2238 existumabat
341 2178 375 2237 et
403 2174 547 2238 amicitia
568 2175 682 2259 pepuli
704 2175 844 2238 Romani
871 2175 976 2258 magis
1005 2195 1103 2256 quam

95 2259 247 2346 Numidis
270 2261 374 2326 fretus
398 2266 477 2345 erat,
500 2262 627 2347 legatos
647 2263 687 2326 ad
705 2261 900 2347 Iugurtham
918 2263 956 2326 dc
974 2261 1102 2326 iniuriis

95 2353 246 2432 questum
269 2350 368 2413 misit.
405 2350 461 2433 qui
484 2350 616 2414 tametsi
640 2351 875 2415 contumeliosa
892 2351 980 2415 dicta
1003 2353 1103 2414 rettu-

95 2439 209 2521 lerant,
231 2437 322 2521 prius
346 2442 457 2502 tamen
480 2438 588 2502 omnia
610 2439 680 2522 pati
703 2439 845 2503 decrevit
864 2461 962 2522 quarn
979 2438 1103 2503 bellum

96 2546 231 2608 sumere,
254 2525 330 2608 quia
352 2529 550 2609 temptatum
573 2531 669 2591 antea
692 2548 783 2591 secus
808 2531 958 2591 cesserat.
998 2542 1138 2609 nequet

95 2635 133 2677 ec
166 2612 271 2697 magis
305 2613 420 2696 cupido
443 2613 621 2697 Iugurthae
650 2614 869 2699 minuebatur,
900 2615 1019 2698 quippe
1047 2614 1103 2696 qui

96 2704 204 2764 totum
227 2700 296 2765 eius
319 2721 457 2786 regnum
480 2701 588 2766 animo
611 2703 678 2766 iam
699 2703 871 2766 invaserat.
902 2703 1014 2784 itaque
1036 2717 1137 2764 nona

94 2789 145 2852 uti
168 2792 264 2852 antea
288 2811 360 2853 cum
383 2789 589 2871 praedatoria
611 2812 717 2873 manu,
740 2790 796 2853 scd
818 2809 937 2873 magno
961 2788 1104 2852 exercitu
1122 2830 1126 2837 -

97 2879 273 2959 ccnparato
296 2876 419 2940 bellum
443 2897 554 2962 gerere
578 2877 685 2960 coepit
712 2881 746 2941 et
773 2880 884 2960 aperte
911 2876 1014 2940 tetius
1037 2874 1104 2939 Nu-

96 2963 213 3028 midiae
237 2964 409 3047 imperium
427 2969 546 3048 petere.
579 2969 722 3030 ceterum
741 2986 805 3048 qua
822 2965 989 3049 pergebat,
1011 2963 1102 3027 urbis
1121 2979 1137 3027 8

97 3071 193 3135 agros
221 3055 349 3116 vastare
355 3102 364 3135 ,
390 3052 526 3136 praedas
550 3073 660 3138 agere,
687 3053 754 3117 suis
783 3053 926 3116 animum
952 3052 1103 3116 hostibus

96 3143 254 3203 terrorem
268 3160 394 3223 augere.
423 3138 590 3204 Adherbal
603 3141 661 3204 ubi
674 3141 838 3225 intellegit
856 3162 894 3204 eo
908 3161 1104 3224 processum,
1113 3140 1154 3203 21

96 3226 146 3289 uti
96 3229 306 3311 utregnum
324 3231 382 3290 aut
396 3228 640 3310 relinquendum
654 3232 741 3293 esset
765 3233 821 3293 aut
845 3228 943 3292 armis
967 3227 1103 3290 retinen-

97 3314 183 3397 dum,
204 3315 386 3379 necessario
406 3315 516 3398 copias
534 3320 682 3399 parat
649 3339 665 3380 e
700 3315 817 3415 Iugurt
803 3315 879 3379 thae
900 3314 1013 3378 obvius
1032 3334 1104 3396 pro-

97 3401 190 3466 cedit
235 3403 367 3466 interim
393 3402 480 3467 haud
507 3403 604 3554 lange
629 3427 648 3468 a
670 3404 753 3467 mari
777 3424 877 3486 prope
901 3400 1027 3466 Cirtam
1051 3416 1139 3482 epa

95 3489 208 3572 pidum
236 3490 405 3572 utriusque
434 3491 554 3555 exercit
554 3513 593 3554 us
622 3490 768 3555 consedit
791 3494 837 3572 et,
865 3489 941 3572 quia
968 3487 1032 3552 dici
1055 3509 1104 3552 cx-

96 3581 237 3643 tremum
261 3582 345 3663 erat,
372 3578 533 3662 proelium
559 3600 626 3643 non
653 3579 826 3662 inceptum.
873 3577 929 3642 scd
955 3575 1013 3640 ubi
1039 3576 1105 3661 ple·
