2542 4192
238 1023 671 1121 PRAEMONITUM
693 1038 972 1124 EDITORIS.

195 1201 359 1261 Sallustius
387 1219 405 1259 a
429 1219 476 1259 me
499 1200 672 1277 recognitus
695 1201 804 1278 quibus
827 1202 1018 1279 potissimum
1041 1203 1115 1263 locis

58 1348 60 1353 .
105 1297 143 1355 ab
168 1297 289 1373 optimis
311 1295 397 1355 libris
420 1296 465 1356 ita
487 1295 633 1374 discedat,
655 1300 691 1356 ut
712 1298 792 1356 inter
814 1316 846 1357 se
869 1298 1115 1359 dissentientibus

104 1393 167 1451 illis
188 1411 283 1451 nuum
306 1393 447 1469 pluresve
470 1395 616 1469 sequatur
638 1395 693 1451 aut
715 1393 864 1469 corruptis
882 1393 989 1453 iisdem
1007 1394 1045 1454 ad
1064 1393 1114 1452 de·

58 1542 60 1565 2
104 1490 231 1549 teriones
258 1489 363 1548 redeat
384 1490 434 1550 vel
456 1488 625 1572 probabilia
647 1491 780 1547 sectetur
802 1490 993 1561 coniecturis,
1020 1509 1115 1566 prope

58 1628 60 1665 4
104 1585 186 1645 diem
212 1586 343 1662 praefari
370 1584 445 1644 mihi
470 1584 575 1644 licebit
602 1588 634 1644 et
658 1583 814 1643 doctorum
835 1584 947 1643 iudicio
970 1585 1114 1645 subicere,

58 1724 61 1739 .
104 1683 140 1741 In
163 1683 210 1740 his
233 1682 354 1741 interim
377 1681 611 1759 exemplaribus,
639 1699 717 1758 quae
739 1680 909 1739 scholarum
931 1681 1060 1741 maxime
1083 1682 1115 1740 in

58 1742 61 1857 Ξ
104 1797 195 1842 usum
214 1779 353 1856 eduntur,
375 1777 508 1839 breviter
526 1778 658 1840 indicavi
677 1777 908 1853 discrepantiam
925 1779 1034 1854 prioris
1053 1779 1114 1838 edi-

58 1860 60 1931 ἶ
105 1874 196 1933 tionis
227 1872 465 1951 Teubnerianae‚
498 1874 589 1951 qnam
620 1876 778 1933 curaverat
805 1873 954 1933 Rndolfns
981 1875 1113 1934 Dietsob.

58 1944 62 2027 l
106 1969 189 2039 Quae
221 1973 323 2030 tamen
354 1971 393 2030 ad
419 1969 580 2032 verborum
606 1970 717 2029 formas
745 1968 953 2046 scribendique
981 1971 1114 2030 rationes

58 2032 65 2148 b
104 2068 265 2144 portinent⁷
288 2086 348 2126 non
371 2066 471 2126 omnia
491 2065 673 2144 enumerari,
696 2064 748 2124 sed
766 2064 948 2124 notabiliora
966 2065 1113 2142 quaedam

58 2170 87 2247 t*
106 2179 121 2220 e
144 2161 231 2221 Bello
251 2160 399 2221 Catilinae
423 2162 551 2238 exempli
576 2180 667 2221 causa
686 2156 840 2235 proposui.
876 2159 1046 2236 Praeterea,
1069 2160 1113 2218 di·

58 2246 72 2459 ἰ
105 2259 291 2335 scipulornm
313 2262 349 2317 ut
372 2258 558 2318 consulerem
580 2256 718 2330 utilitati,
742 2255 816 2331 ipsis
839 2254 934 2314 Bellis
957 2258 988 2314 et
1010 2254 1113 2314 Histo-

104 2355 218 2414 riarum
246 2355 433 2415 orationibus
456 2356 548 2430 atque
572 2352 709 2429 epistulis
731 2351 874 2428 praemisi
897 2352 1009 2411 selecta
1030 2354 1113 2412 vete·

58 2470 70 2543 i·
103 2471 172 2511 rum
194 2452 231 2512 de
255 2451 400 2512 Sallustio
423 2450 604 2510 testimonia.
679 2527 680 2530 Ἴ
