2542 4192
193 246 238 313 511
522 246 551 302 (1.
571 245 742 302 SALLUSTI
761 244 876 301 CRISPl

194 391 343 458 Africum
366 392 545 476 agitabant,
570 390 700 456 Gaetuli
723 391 783 454 sub
803 391 870 455 sole
889 391 1004 474 magis,
1026 390 1113 454 haud
1132 413 1208 474 pro-

195 480 247 544 cul
271 481 311 543 ab
326 477 519 563 ardoribus),
542 479 635 563 eique
659 481 785 542 mature
809 478 928 561 oppida
949 478 1104 562 habuere,
1126 500 1207 542 nam

194 567 280 632 freto
304 567 399 631 divisi
422 568 462 632 ab
482 566 643 650 Hispania
665 569 790 630 mutare
814 587 865 630 res
888 566 974 630 inter
998 587 1032 629 se
1054 566 1206 630 institue·

144 671 176 719 10
195 657 278 719 rant.
322 677 442 719 nomen
464 676 576 719 eorum
598 654 757 738 paulatim
779 652 899 737 Libyes
924 675 1110 738 conrupere,
1132 655 1206 718 bar-

143 744 275 806 11bara
302 742 415 826 lingua
436 741 569 807 Mauros
596 764 655 825 pro
683 741 787 805 Medis
816 742 1025 825 appellantes.
1072 742 1128 806 sed
1151 764 1205 806 res

195 830 369 894 Persarum
391 831 482 895 brevi
505 831 655 914 adolevit,
682 851 720 894 ac
742 832 857 913 postea
878 829 1009 893 nomine
1033 828 1205 914 Numidae,

195 922 329 1002 propter
352 919 594 982 multitudinem
617 917 843 1000 aparentibus
863 916 1009 1002 digressi,
1031 918 1205 1001 possedere

196 1028 235 1070 ea
247 1006 327 1090 1111,
342 1027 424 1089 quae
437 1027 593 1090 proxume
603 1004 834 1090 Carthaginem
844 1003 999 1069 Numidia
1012 1005 1205 1088 appellatur.

143 1093 310 1158 1111111111
332 1095 463 1177 utrique
486 1093 597 1157 alteris
620 1092 697 1156 freti
720 1093 887 1157 finitumos
911 1093 1010 1156 armis
1034 1097 1091 1156 aut
1113 1097 1205 1159 metu

197 1182 257 1245 sub
280 1181 453 1264 imperium
476 1203 571 1245 suum
594 1200 739 1265 coegere,
765 1202 885 1245 nomen
913 1181 1116 1266 gloriamque
1141 1181 1204 1246 sibi

197 1268 355 1351 addidere,
377 1270 482 1354 magis
501 1268 539 1353 ei,
563 1269 618 1352 qui
637 1270 677 1332 ad
694 1272 844 1332 nostrum
862 1291 951 1333 mare
968 1274 1207 1354 processerant,

197 1356 274 1440 quia
300 1356 420 1439 Libyes
449 1379 546 1440 quam
574 1355 704 1421 Gaetuli
732 1356 838 1420 minus
866 1356 1021 1421 bellicosi.
1067 1356 1204 1441 denique

196 1443 327 1508 Africae
354 1466 430 1527 pars
457 1442 591 1509 inferior
620 1445 773 1528 pleraque
801 1444 841 1507 ab
870 1443 1020 1508 Numidis
1052 1466 1206 1528 possessa

197 1536 261 1616 est,
292 1532 372 1596 victi
399 1554 510 1597 omnes
542 1533 577 1597 in
604 1536 734 1616 gentem
760 1553 941 1615 nomenque
973 1532 1205 1615 imperantium

144 1620 186 1684 19
198 1641 392 1685 concessere.
437 1624 553 1704 postea
575 1619 766 1705 Phoenices,
794 1619 851 1683 alii
873 1620 1092 1684 multitudinis
1115 1621 1205 1685 domi

198 1708 388 1771 minuendae
407 1708 515 1792 gratia
532 1729 607 1791 pars
625 1707 742 1790 imperi
756 1707 904 1790 cupidine
919 1707 1096 1772 sollicitata
1108 1709 1204 1792 plebe

198 1798 231 1857 et
249 1794 322 1858 aliis
340 1815 498 1858 novarum
516 1816 624 1858 rerum
640 1795 753 1878 avidis,
766 1793 953 1878 Hipponem
966 1795 1205 1861 Hadrumetum

197 1881 328 1965 Leptim
360 1881 505 1972 aliasque
536 1882 627 1946 urbis
658 1883 694 1946 in
726 1904 782 1947 ora
813 1883 989 1947 marituma
1025 1884 1206 1968 condidere,

198 1991 317 2053 eaeque
339 1970 430 2035 brevi
453 1970 594 2034 multum
612 1975 724 2034 auctae
738 1992 814 2054 pars
829 1971 1009 2056 originibus
1028 1971 1096 2036 suis
1114 1994 1205 2056 prae·

161 2057 280 2122 1111111
318 2058 399 2122 aliae
428 2058 536 2123 decori
562 2058 660 2122 fuere.
713 2080 790 2122 nam
817 2059 854 2122 de
883 2059 1080 2145 Carthagine
1109 2061 1205 2125 silere

197 2146 314 2210 melius
336 2150 417 2230 puto
441 2169 539 2231 quam
560 2169 676 2230 parum
699 2146 812 2230 dicere,
836 2147 989 2228 quoniam
1008 2147 1072 2212 alio
1091 2170 1205 2232 prope-

197 2256 269 2298 rare
292 2238 421 2317 tempus
444 2238 563 2298 monet.

162 2339 178 2386 3
264 2320 372 2405 igitur
400 2322 440 2385 ad
464 2321 718 2405 Catabathmon,
746 2322 800 2405 qui
827 2323 919 2387 locus
947 2322 1136 2409 Aegyptum
1163 2325 1204 2388 ab

198 2407 311 2471 Africa
333 2408 456 2492 dividit,
479 2408 618 2473 secundo
637 2410 720 2472 mari
733 2410 838 2493 prima
853 2409 976 2493 Cyrene
995 2415 1054 2495 est,
1077 2411 1205 2476 colonia

197 2495 374 2576 Theraeon,
393 2517 430 2559 ac
449 2495 597 2579 deinceps
617 2496 698 2560 duae
714 2495 826 2579 Syrtes
845 2497 993 2582 interque
1013 2520 1067 2563 eas
1081 2497 1204 2583 Leptis,

197 2583 311 2647 deinde
334 2583 514 2648 Philaenon
537 2606 619 2668 arae,
643 2606 739 2667 quem
761 2584 869 2649 locum
883 2586 1072 2670 Aegyptum
1089 2609 1205 2652 vorsus

197 2672 295 2736 finem
318 2671 434 2755 imperi
457 2672 599 2736 habuere
623 2671 918 2757 Carthaginienses,
940 2679 1016 2758 post
1037 2674 1120 2739 aliae
1143 2675 1204 2739 Pu-

162 2760 289 2825 4nicae
311 2761 417 2825 urbes.
463 2765 570 2826 cetera
591 2761 664 2825 loca
691 2782 792 2844 usque
816 2761 857 2825 ad
879 2761 1117 2827 Mauretaniam
1138 2761 1205 2827 Nu·

163 2864 179 2913 5
199 2849 303 2912 midae
326 2852 447 2931 tenent,
469 2870 624 2932 proxume
647 2848 840 2932 Hispaniam
862 2849 969 2914 Mauri
992 2854 1076 2914 sunt.
1109 2873 1204 2934 super

199 2933 388 2999 Numidiam
425 2935 581 3000 Gaetulos
619 2938 801 3020 accepimus
837 2938 958 3020 partim
993 2938 1028 3002 in
1064 2938 1204 3023 tuguriis

163 3039 179 3087 1
200 3022 281 3086 11111
304 3023 458 3088 incultius
482 3044 582 3109 vagos
602 3025 736 3109 agitare,
758 3028 834 3108 post
853 3047 908 3089 eos
927 3025 1106 3110 Aethiopas
1125 3048 1204 3111 1111,

165 3128 180 3175 1
201 3110 316 3175 dehinc
338 3110 410 3175 loca
428 3114 542 3175 exusta
561 3112 638 3175 solis
658 3113 837 3178 ardoribus.
869 3113 971 3198 igitur
988 3114 1075 3179 bello
1092 3113 1205 3198 Iugur-

199 3199 292 3263 thino
319 3200 472 3283 pleraque
499 3221 538 3264 ex
565 3198 696 3265 Punicis
725 3201 844 3285 oppida
873 3205 907 3265 et
933 3201 1007 3265 finis
1036 3201 1205 3288 Carthagi-

197 3287 368 3371 niensium,
391 3310 471 3370 quos
493 3287 678 3352 novissume
705 3289 899 3373 habuerant,
926 3290 1065 3373 populus
1089 3289 1205 3354 Roma-

198 3397 259 3439 nus
274 3398 332 3459 per
345 3376 558 3460 magistratus
573 3376 836 3461 administrabat,
856 3375 1068 3441 Gaetulorum
1087 3398 1206 3463 magna

198 3485 274 3545 pars
307 3467 340 3527 et
367 3462 527 3527 Numidae
558 3485 660 3547 usque
693 3463 732 3527 ad
759 3463 879 3528 fiumen
906 3464 1112 3530 Muluccham
1145 3468 1205 3531 sub

199 3548 360 3634 Iugurtha
383 3555 488 3636 erant,
511 3550 634 3614 Mauris
658 3551 808 3616 omnibus
832 3574 888 3616 rex
906 3553 1055 3618 Bocchus
1078 3553 1206 3638 irnperi-
