2542 4192
197 251 243 314 44
530 248 558 302 C
578 245 747 301 SALLUSTI
764 244 879 300 CRISPI

199 395 394 494 Scipionem,
416 395 585 476 praeterea
608 391 707 456 civita
708 390 752 454 tis
765 394 897 455 nostrae
915 391 1148 475 praeclaros
1117 415 1209 458 vrros

200 484 277 547 solit
263 486 365 546 trtos
338 480 522 564 itadicere,
545 501 619 544 cum
637 479 798 543 maiorum
815 478 974 563 imagines
993 479 1027 544 in
1028 483 1209 566 t,uerentur

199 569 490 636 vehementissume
528 567 591 632 sibi
627 567 770 630 animum
807 567 848 630 ad
878 567 929 630 vir
930 570 1035 631 tutem
1067 570 1208 645 accendi.

165 657 324 722 ascilicet
350 679 416 721 non
443 677 549 720 ceram
576 655 668 718 illam
693 675 797 754 neque
824 653 963 739 figuram
990 658 1117 719 tantam
1139 656 1209 721 vim

199 746 234 809 in
261 767 331 809 sese
357 745 492 826 habere,
524 742 580 806 sed
611 742 769 806 memoria
800 763 908 806 rerum
939 747 1107 827 gestarum
1135 766 1209 809 earn

199 833 365 897 flammam
388 830 528 918 egregiis
546 829 624 894 viris
643 831 678 893 in
691 833 822 913 pectore
836 851 979 894 crescere
997 852 1101 914 neque
1114 832 1208 915 prius

201 920 320 1004 sedari,
344 942 441 1004 quam
463 919 567 983 virtus
591 938 703 982 eorum
725 917 846 981 famam
870 921 968 1001 atque
991 918 1131 1003 gloriam
1155 921 1208 984 ad-

125 1013 129 1019 '
165 1009 461 1109 vaequaverit.a
441 1009 613 1070 atcontra
636 1005 708 1088 quis
731 1009 782 1070 est
805 1006 950 1070 omnium
976 1006 1028 1070 his
1052 1007 1207 1108 moribus,

201 1097 280 1179 quin
308 1095 410 1160 divit'
374 1100 429 1159 tus
460 1097 493 1158 et
520 1093 718 1177 sumptibus,
748 1114 814 1157 non
840 1094 1005 1176 probitate
1034 1116 1138 1178 neque
1161 1095 1208 1160 in-

200 1184 326 1248 dustria
348 1204 422 1247 cum
440 1181 617 1245 maioribus
636 1180 703 1246 auis
722 1181 918 1245 contendat?
941 1181 1040 1245 etiam
1058 1183 1208 1248 homines

199 1272 285 1354 novi,
309 1271 364 1354 qui
388 1274 483 1334 antea
504 1290 563 1352 per
584 1268 740 1332 virtutem
767 1268 857 1333 soliti
881 1273 974 1333 erant
999 1271 1208 1335 nobilitatem

201 1358 395 1441 antevenire,
417 1357 531 1421 furtim
550 1360 584 1421 et
601 1378 660 1440 per
677 1356 848 1421 latrocinia
866 1357 977 1440 potius
995 1379 1093 1440 quam
1111 1358 1208 1423 bonis

164 1460 182 1509 8
200 1446 326 1510 artibus
350 1445 390 1509 ad
408 1445 545 1528 imperia
568 1449 601 1509 et
618 1444 757 1508 honores
775 1443 939 1510 nituntur:
960 1445 1095 1528 proinde
1114 1447 1209 1528 quasi

200 1537 353 1618 praetura
375 1538 409 1598 et
432 1533 619 1598 consulatus
643 1536 740 1615 atque
759 1532 823 1596 alia
842 1533 951 1596 omnia
967 1533 1100 1597 huiusce
1119 1534 1209 1599 modi

200 1644 259 1705 per
282 1622 411 1704 seipsa
439 1621 525 1685 clara
553 1624 586 1684 et
612 1620 785 1704 magnifica
812 1619 891 1703 sint,
919 1641 956 1685 ac
982 1642 1048 1685 non
1074 1620 1209 1704 perinde

166 1724 182 1771 c
201 1708 392 1791 habeantur,
414 1710 452 1771 ut
476 1728 587 1771 eorum
610 1707 666 1789 qui
689 1729 727 1770 ea
750 1707 912 1771 sustinent
934 1709 1038 1773 virtus
1062 1712 1121 1773 est.
1157 1731 1209 1774 ve·

201 1817 273 1858 rum
297 1815 358 1879 ego
381 1794 515 1858 liberius
539 1794 700 1876 altiusque
723 1796 876 1878 processi,
899 1795 976 1859 dum
994 1818 1045 1860 me
1064 1796 1208 1862 civitatis

200 1904 329 1946 morum
351 1882 443 1967 piget
465 1882 646 1964 taedetque.
691 1904 776 1946 nunc
800 1883 838 1946 ad
861 1883 1027 1966 inceptum
1050 1886 1155 1949 redeo.

169 1969 190 2034 5
266 1969 397 2035 Bellum
424 1969 604 2053 scripturus
633 1991 719 2053 sum,
753 1970 839 2053 quod
869 1971 1009 2054 populus
1041 1971 1208 2037 Romanus

201 2081 275 2124 cum
297 2057 458 2143 Iugurtha
485 2079 560 2143 rege
582 2055 799 2122 Numidarum
821 2059 936 2144 gessit,
963 2059 1104 2142 primum
1132 2061 1210 2144 quia

201 2168 355 2232 magnum
379 2151 412 2210 et
434 2148 529 2210 atrox
551 2146 704 2229 variaque
726 2146 864 2211 victoria
885 2146 963 2228 fuit,
990 2147 1105 2212 dehinc
1132 2148 1210 2231 quia

200 2238 279 2298 tunc
301 2234 444 2316 primum
473 2233 643 2316 superbiae
670 2233 853 2299 nobilitatis
881 2234 1011 2298 obviam
1037 2236 1123 2298 itum
1145 2241 1210 2320 est,

166 2337 283 2404 aquae
312 2322 477 2385 contentio
506 2320 614 2384 divina
645 2325 678 2385 et
707 2322 849 2386 humana
876 2326 993 2386 cuncta
1018 2323 1210 2406 permiscuit

201 2429 304 2491 eoque
327 2408 494 2471 vecordiae
517 2409 690 2493 processit,
712 2413 750 2472 ut
773 2408 890 2473 studiis
913 2410 1063 2475 civilibus
1086 2411 1210 2475 bellum

164 2499 299 2578 eatque
322 2495 460 2559 vastitas
482 2493 597 2558 Italiae
624 2496 722 2560 finem
744 2496 874 2561 faceret.
919 2498 975 2561 sed
996 2499 1087 2581 prius
1111 2520 1208 2582 quam

200 2584 334 2647 huiusce
357 2582 446 2648 modi
469 2582 516 2646 rei
538 2582 669 2647 initium
692 2584 840 2668 expedio,
866 2606 971 2667 pauca
997 2607 1095 2669 supra
1121 2608 1210 2670 repe·

200 2676 285 2755 tam,
316 2693 379 2755 quo
413 2672 453 2736 ad
485 2673 747 2756 cognoscundum
779 2672 888 2737 omnia
919 2672 1021 2738 inlust
1022 2673 1072 2736 ria
1103 2675 1209 2759 magis

201 2723 369 2846 magisque
392 2761 427 2824 in
449 2764 562 2843 aperto
587 2760 661 2824 sint.

164 2858 183 2906 4
288 2846 382 2912 Bello
405 2846 527 2911 Punico
552 2848 699 2930 secundo,
723 2869 786 2931 quo
810 2847 874 2912 dux
891 2847 1210 2934 Carthaginiensium

200 2933 366 2998 Hannibal
388 2938 465 3018 post
487 2935 745 3018 magnitudinem
766 2936 908 3000 nominis
932 2936 1071 3001 Romani
1092 2935 1210 3000 Italiae

202 3043 280 3106 opes
312 3043 461 3085 maxume
489 3021 679 3106 adtriverat,
708 3022 884 3088 Masinissa
910 3046 967 3088 rex
994 3023 1211 3090 Numidarum

201 3109 236 3173 in
259 3108 437 3173 amicitiam
459 3112 608 3191 receptus
633 3074 709 3174 a'P.
729 3109 888 3195 Scipione,
912 3112 964 3176 cui
986 3116 1062 3196 post
1064 3133 1102 3176 ea
1048 3110 1212 3176 tAfri·

202 3219 282 3262 cano
306 3217 486 3281 cognomen
509 3218 547 3260 ex
569 3197 691 3262 virtute
714 3198 787 3282 fuit,
763 3200 893 3263 tmult
879 3203 914 3262 ta
932 3203 966 3262 et
983 3199 1150 3282 praeclara
1163 3199 1211 3262 rei

201 3285 354 3350 militaris
382 3284 526 3350 facinora
557 3284 688 3350 fecerat.
739 3286 780 3350 ob
809 3308 890 3370 quae
917 3286 1014 3351 victis
1042 3285 1211 3371 Carthagi-

200 3374 367 3438 niensibus
392 3377 425 3437 et
448 3377 544 3456 capto
569 3371 725 3457 Syphace,
749 3374 839 3438 cuius
862 3374 897 3437 in
919 3373 1033 3439 Africa
1055 3394 1212 3459 magnum

202 3466 299 3543 atque
326 3462 393 3524 late
421 3461 592 3545 imperium
620 3461 735 3543 valuit,
765 3463 904 3544 populus
927 3461 1094 3526 Romanus
1118 3482 1213 3544 quas-

202 3569 338 3633 cumque
361 3549 452 3613 urbis
473 3553 509 3641 et
528 3571 624 3635 agros
643 3571 741 3613 manu
760 3554 898 3634 ceperat,
921 3549 991 3634 regi
1010 3549 1095 3614 dono
1114 3548 1213 3614 dedit.
