2542 4192
335 242 482 298 BELLUM
500 241 757 298 IUGURTHINUM
775 260 798 299 c.
814 249 926 298 72-75.
1086 243 1129 309 93

123 410 228 472 neque
251 388 423 454 consilium
450 392 507 454 aut
530 388 702 473 quisquam
723 388 894 454 hominum
921 388 1001 452 satis
1024 389 1128 472 place-

123 477 195 540 bat:
222 477 341 541 itinera
367 476 612 560 praefectosque
640 476 674 541 in
697 476 765 541 dies
789 480 928 560 mutare,
956 477 1052 541 modo
1076 478 1128 541 ad-

123 586 255 630 vorsum
276 565 381 630 hostis
403 565 567 629 interdum
588 564 624 629 in
647 564 838 630 solitudines
861 584 1009 650 pergere,
1032 586 1127 648 saepe

122 652 158 716 in
179 652 259 737 fuga
272 674 310 717 ac
328 656 404 735 post
421 652 519 735 paulo
537 652 573 716 in
592 652 691 716 armis
711 673 802 735 spem
815 652 944 734 habere,
967 652 1127 736 dubitare,

123 739 239 804 virtuti
262 762 304 804 an
325 740 400 804 fidei
423 739 629 823 popularium
656 739 763 804 minus
792 740 948 805 crederet:
975 740 1024 804 ita
1050 762 1127 823 quo·

124 848 259 912 cumque
282 828 474 911 intenderat,
498 849 549 891 res
573 827 727 892 advorsae
750 832 851 892 erant.
885 828 941 892 sed
962 827 1049 892 inter
1071 843 1161 893 oasa

123 938 232 980 moras
264 919 395 999 repente
424 937 493 980 sese
520 915 672 981 Metellus
705 937 779 980 cum
809 915 952 980 exercitu
975 916 1126 980 ostendit.

123 1002 282 1068 Numidae
300 1004 341 1067 ab
360 1003 521 1088 Iugurtha
540 1025 600 1086 pro
620 1006 765 1086 tempore
779 1003 887 1086 parati
901 1003 1126 1086 instructique,

123 1091 198 1155 dein
218 1091 378 1174 proelium
399 1091 564 1174 incipitur.
597 1113 660 1174 qua
682 1091 717 1154 in
734 1094 828 1174 parte
851 1112 907 1154 rex
927 1111 1054 1175 pugnae
1074 1092 1160 1157 ad·3

27 1177 31 1182 ’
123 1178 196 1261 fuit,
208 1179 255 1242 ibi
270 1179 469 1262 aliquamdiu
483 1182 652 1262 certatum,
671 1179 770 1243 ceteri
786 1178 854 1242 eius
874 1200 985 1243 omnes
1005 1178 1125 1243 milites

122 1266 228 1349 primo
252 1287 429 1351 congressu
455 1266 543 1349 pulsi
565 1266 744 1351 fugatique.
790 1265 931 1330 Romani
959 1266 1126 1352 signorum

121 1358 156 1418 et
174 1375 338 1419 armorum
358 1357 418 1435 [et]
438 1354 605 1437 aliquanto
623 1375 766 1438 numero,
786 1353 931 1418 hostium
950 1375 1126 1437 paucorum

122 1441 234 1526 potiti,
254 1465 331 1507 narn
352 1443 454 1506 ferme
468 1441 619 1506 Numidis
642 1442 677 1505 in
691 1441 841 1506 omnibus
864 1441 997 1525 proeliis
1020 1441 1125 1527 magis

123 1530 221 1612 pedes
244 1552 341 1614 quam
365 1552 455 1594 arma
478 1533 551 1593 tuta
576 1534 660 1593 sunt

209 1617 259 1683 Ila
281 1617 361 1704 fuga
383 1617 543 1704 Iugurtha
564 1617 731 1700 inpensius
750 1618 846 1681 modo
866 1618 961 1681 rebus
982 1617 1048 1681 suis
1068 1616 1179 1682 uis-75

122 1705 223 1770 fidens
246 1728 320 1771 cum
342 1705 487 1791 perfugis
511 1710 544 1770 et
566 1710 660 1789 parte
683 1705 847 1788 equitatus
870 1704 905 1768 in
925 1704 1125 1788 solitudines,

122 1793 197 1857 dein
209 1793 345 1858 Thalam
364 1793 519 1877 pervenit,
541 1793 577 1857 in
591 1793 745 1877 oppidum
759 1814 914 1879 magnum
932 1797 1030 1875 atque
1049 1814 1126 1875 opu·

121 1881 255 1965 lentum,
277 1882 334 1945 ubi
356 1882 501 1965 plerique
524 1881 670 1946 thesauri
690 1881 895 1964 filiorumque
914 1881 982 1946 eius
1002 1881 1124 1945 multus

121 1969 279 2052 pueritiae
294 1969 400 2034 cultus
419 1973 497 2035 erat.
534 1991 615 2052 quae
633 1974 808 2052 postquam
821 1967 955 2034 Metello
970 1973 1125 2052 conperta
1144 1985 1159 2034 ι

122 2062 212 2141 sunt,
239 2079 435 2141 quamquam
458 2058 544 2121 inter
566 2056 703 2121 Thalam
725 2057 908 2138 flumenque
931 2078 1125 2138 proxumum

121 2144 157 2208 in
179 2145 286 2230 spatio
309 2145 436 2209 milium
460 2144 696 2229 quinquaginta
715 2144 788 2209 loca
807 2143 897 2207 arida
915 2147 1013 2225 atque
1031 2147 1125 2207 vasta

121 2254 191 2297 esse
215 2237 420 2318 cognoverat,
444 2236 552 2296 tamen
575 2253 632 2315 spe
649 2231 801 2314 patrandi
824 2230 912 2314 belli,
935 2230 964 2294 si
982 2230 1050 2294 eius
1070 2252 1124 2313 op-

121 2321 189 2403 pidi
206 2321 332 2405 potitus
345 2321 440 2403 foret,
459 2320 563 2384 omnis
582 2320 776 2403 asperitates
791 2318 1003 2402 supervadere
1019 2339 1056 2383 ac
1070 2340 1124 2382 na-

121 2412 230 2472 turam
248 2409 348 2473 etiam
365 2409 491 2472 vincere
508 2408 705 2493 aggreditur.
734 2407 836 2493 igitur
855 2406 963 2470 omnia
978 2406 1124 2471 iumenta
1142 2423 1157 2472 3

121 2496 256 2561 sarcinis
279 2496 380 2560 levari
402 2496 493 2559 iubet
514 2495 579 2559 nisi
601 2495 764 2560 frumento
789 2495 913 2559 dierum
934 2495 1053 2578 decern,
1076 2516 1124 2560 ce-

121 2588 228 2648 terum
250 2584 332 2648 utris
356 2584 451 2648 modo
475 2588 509 2648 et
531 2583 596 2647 alia
619 2605 720 2668 aquae
738 2583 854 2647 idonea
874 2582 1007 2667 portari.
1035 2604 1124 2665 prae·
1142 2598 1159 2646 4

120 2675 211 2736 terea
228 2671 390 2754 conquirit
407 2693 448 2736 ex
467 2670 554 2757 agris
573 2692 670 2771 quam
684 2671 870 2754 plurumum
884 2674 942 2752 pot
944 2674 994 2734 est
980 2669 1125 2733 tdomiti

120 2759 260 2842 pecoris.
283 2781 321 2823 eo
344 2759 472 2842 inponit
494 2781 573 2823 vasa
596 2759 749 2841 cuiusque
773 2757 869 2839 modi,
892 2757 948 2820 sed
971 2757 1123 2840 pleraque

119 2847 242 2948 lignea,
265 2847 409 2912 conlecta
432 2869 471 2911 ex
493 2847 634 2932 tuguriis
657 2807 880 2910 Numidarurri.
908 2845 1032 2909 adhoc
1054 2845 1158 2909 fini-5

120 2935 221 2999 turnis
244 2935 392 3018 imperat,
415 2935 471 3018 qui
495 2956 528 2999 se
546 2939 623 3018 post
641 2933 728 3019 regis
749 2933 862 3018 fugam
880 2931 1013 2996 Metello
1033 2933 1124 2996 dede-

120 3027 208 3106 rant,
238 3045 334 3106 quam
356 3023 543 3106 plurumum
571 3023 706 3107 quisque
731 3043 832 3104 aquae
854 3025 930 3121 port
932 3025 1015 3104 aret3
987 3021 1124 3085 tdiem

118 3074 299 3195 locuirique,
312 3111 368 3175 ubi
382 3115 512 3194 praesto
526 3110 657 3193 fuerint,
670 3110 836 3194 praedicit.
855 3109 925 3192 ipse
935 3130 974 3173 ex
982 3070 1124 3190 flilmine,
1143 3123 1158 3172 6

119 3220 218 3282 quarn
240 3221 431 3282 proxumam
459 3198 578 3282 oppido
607 3220 725 3281 aquam
753 3218 822 3262 esse
851 3219 948 3280 supra
976 3196 1124 3279 diximus,

118 3285 264 3351 iumenta
287 3291 408 3352 onerat.
444 3308 482 3351 eo
507 3287 602 3350 modo
625 3286 805 3350 instructus
830 3285 870 3348 ad
892 3284 1030 3347 Thalam
1051 3304 1124 3365 pro·

119 3373 284 3439 ficiscitur.
316 3374 429 3439 deinde
452 3373 510 3438 ubi
533 3374 573 3437 ad
595 3374 629 3438 id
646 3373 710 3438 loci
729 3376 870 3452 ventum,
894 3392 957 3453 quo
971 3368 1122 3433 Numidis
1142 3387 1157 3435 ι

118 3465 338 3545 praeceperat,
366 3467 399 3527 et
427 3466 535 3526 castra
561 3461 670 3544 posita
697 3459 885 3540 munitaque
915 3462 1004 3540 sunt,
1031 3461 1124 3521 tanta

118 3553 251 3634 repente
283 3550 372 3614 caelo
400 3550 501 3613 missa
527 3548 576 3613 vis
605 3569 706 3632 aquae
734 3546 865 3628 dicitur,
897 3547 935 3608 ut
962 3566 1000 3608 ea
1028 3546 1123 3611 modo
