2542 4192
307 403 466 459 SELEOTA
483 406 661 460 VETERUM
678 407 908 464 TESTIMONIA.
1060 411 1142 465 XIX.

110 554 293 614 sententiam
309 556 340 612 et
357 557 514 631 tamquam
531 557 711 615 translatam
729 560 761 617 et
778 556 935 635 tamquam
949 561 1123 634 corruptam

110 643 185 701 dum
207 642 391 702 transfertur
414 644 545 702 obiceret
569 643 722 704 Sallustio.

177 783 279 841 Front.
298 800 339 856 ep.
359 783 399 841 od
412 783 457 841 M.
472 781 553 843 Gaea.
571 785 632 843 ΙΙΙ
648 787 687 841 11
701 804 733 859 p.
749 787 788 844 48
810 739 902 845 Nou:

179 913 205 930 ..
218 888 342 947 gnomas
358 870 479 948 egregie
493 873 676 950 convertisti,
693 873 770 932 hanc
784 872 914 949 quidem,
930 892 1020 950 quam
1033 873 1122 933 hodie

110 958 227 1035 accepi,
254 977 349 1034 prope
374 959 520 1037 perfecta,
548 963 584 1019 ut
607 960 680 1037 poni
701 961 732 1018 in
755 961 996 1032 libroSallustii
1017 962 1114 1039 possit

183 1099 267 1159 Vell.
287 1099 363 1158 Por.
385 1098 428 1157 11
448 1100 538 1172 3d‚2
561 1101 713 1159 aemulum
736 1101 918 1178 Thucydidis
942 1101 1122 1161 Sallustium

111 1189 187 1246 dicit.

178 1309 290 1382 Quint.
314 1312 380 1369 tuat.
404 1328 445 1369 or.
471 1310 504 1367 X
524 1312 551 1376 1,
576 1312 648 1369 101:

112 1416 218 1456 ..nec
241 1416 390 1475 opponere
416 1397 587 1475 Thucydidi
610 1398 790 1459 Sallustium
813 1419 925 1460 verear.

177 1539 221 1597 id.
244 1538 298 1596 IX
318 1539 347 1605 3,
371 1539 478 1596 17.··..
868 1587 871 1592 .

111 1643 149 1682 ex
171 1643 278 1701 graeco
301 1644 371 1685 vero
394 1625 545 1685 translata
567 1626 616 1685 val
641 1625 768 1684 Sallusti
791 1627 922 1702 plurima
942 1674 948 1687 .
968 1674 1001 1688 ..

112 1765 441 1932 ..ershhioiiaiem
466 1856 495 1912 et
514 1845 671 1934 Gorgiam)
695 1855 817 1912 secutus
839 1815 981 1915 videlicet
1004 1853 1035 1914 0.
1056 1856 1121 1914 Sal·

110 1940 222 1998 lustius
247 1939 279 1999 in
305 1939 386 2010 bello
413 1940 594 2018 Iugurthino
622 1943 654 1999 ct
681 1939 829 2001 Catilinae
855 1943 932 2002 nihil
961 1942 1000 2002 ad
1026 1944 1120 2004 histo·

110 2028 187 2086 riam
208 2028 428 2104 pertinentibus
450 2028 606 2104 principiis
630 2047 715 2088 orsus
739 2032 793 2089 est

111 2167 472 2336 (Saliiistitrlsil5hiit9oriae
490 2211 587 2315 maior
605 2260 651 2316 est
670 2260 777 2316 auctor
799 2255 905 2330 [quom
926 2255 1056 2335 Livius]‚
1081 2260 1119 2317 ad

110 2363 200 2421 quem
222 2346 326 2403 tamen
347 2343 585 2421 intellegendum
607 2345 668 2403 iam
690 2345 829 2420 profectu
852 2362 927 2419 opus
950 2345 999 2403 sit.

175 2484 220 2542 id.
246 2482 278 2540 X
299 2483 329 2550 3,
352 2485 372 2542 7
394 2502 451 2558 sq..-

109 2571 210 2630 omnia
234 2571 314 2628 enim
336 2574 452 2648 nostra,
476 2572 548 2631 dum
569 2575 747 2649 nascuntur,
770 2573 903 2648 placent:
927 2573 1042 2650 alioqui
1064 2592 1118 2632 nec

109 2658 318 2718 scriberentur.
364 2661 417 2719 sod
443 2661 599 2718 redeamus
627 2660 666 2718 ad
692 2660 837 2719 iudicium
866 2664 897 2720 et
919 2658 1117 2720 retractemus

109 2749 280 2823 suspectam
307 2746 494 2806 facilitatem.
529 2748 587 2815 ¹sio
615 2748 767 2823 scripsisse
797 2747 976 2807 Sallustium
1003 2749 1117 2824 accepi·

108 2852 185 2910 mus,
209 2838 240 2894 et
262 2852 333 2893 sane
355 2835 534 2894 manifestus
558 2838 612 2895 est·
627 2835 719 2894 etiam
742 2854 779 2894 ex
801 2854 891 2910 opere
914 2836 978 2916 ipso
1001 2836 1094 2895 labor.

108 3108 134 3121 ..
154 2974 427 3138 apicridISfflliitiirhi
447 3057 553 3140 ‘neque
577 3082 613 3122 oa
634 3081 681 3122 res
699 3063 811 3121 falsum
830 3081 876 3120 me
895 3056 1013 3122 habuit'
1033 3061 1115 3138 [Iup.

109 3148 214 3223 10,1]
236 3153 266 3210 et
289 3144 371 3209 ‘duci
392 3145 531 3226 probaro'
555 3149 612 3226 [.9].
650 3169 686 3209 ex
709 3151 818 3227 quibus
842 3151 904 3210 fero
925 3155 1046 3228 praeter
1063 3172 1115 3211 no-

107 3237 236 3298 vitatem
257 3237 390 3298 brevitas
414 3239 506 3298 otiam
528 3239 593 3315 poti
615 3239 699 3298 solet.

105 3361 476 3523 [quidlibffandjest
503 3449 595 3507 etiam
621 3449 676 3507 illa
704 3448 888 3508 Sallustiana
916 3440 1114 3525 (quamquam

104 3536 138 3594 in
156 3535 222 3611 ipso
240 3535 364 3596 virtutis
383 3537 500 3612 optinet
517 3529 632 3618 locum)
655 3537 788 3598 brevitas
812 3538 843 3594 et
866 3534 1026 3609 abruptum
1052 3552 1110 3592 ser-

106 3624 203 3683 monis
226 3642 333 3701 genus:
364 3625 445 3701 quod
467 3624 598 3683 otiosum
620 3626 747 3684 fortasse
770 3624 913 3682 lectorem
935 3621 1034 3680 minus
1056 3622 1113 3680 fal-

104 3712 158 3790 lat,
182 3711 355 3789 audientem
377 3712 559 3789 transvolat,
582 3731 649 3790 neo,
673 3712 745 3771 dum
766 3712 935 3787 repetatur,
965 3713 1112 3788 expectat,

861 3806 900 3860 b*
