2542 4192
246 245 295 298 EX
313 242 492 299 HISTORIIS
512 242 567 299 OR.
583 241 732 300 OOTTAE.
751 243 804 298 ΕΡ.
818 242 965 301 ΡΟΜΡΕΙ.
1052 243 1113 307 131

104 387 251 452 omnium
274 392 393 472 morte,
422 387 616 452 confecistis.
661 388 776 453 hacine
804 409 861 471 spe
888 389 1027 472 populus
1054 387 1150 452 llo-2

103 497 219 540 manus
234 476 354 541 liberos
370 497 445 540 suos
460 476 501 540 ad
514 475 637 539 bellum
651 476 763 540 misit?
786 476 867 540 haec
882 481 958 540 sunt
970 476 1115 560 praemia

103 585 163 647 pro
187 563 374 628 volneribus
402 567 435 628 et
458 563 579 629 totiens
604 565 645 627 ob
669 585 737 627 rem
759 564 925 647 publicam
948 564 1021 628 fuso
1045 586 1115 628 san·

104 651 225 735 guina?
263 651 375 715 'fessus
403 651 576 715 scribundo
604 651 830 735 mittundoque
857 653 985 737 legatos
1010 652 1115 716 omnis

104 742 183 822 opes
207 743 241 803 et
264 761 337 822 spes
361 739 505 822 privatas
523 760 612 802 meas
632 740 826 824 consumpsI,
850 762 923 804 cum
945 741 1077 804 interim
1097 763 1116 804 a

104 827 198 891 vobis
231 849 289 910 per
316 827 493 890 triennium
519 826 573 891 vix
601 848 724 892 annuus
756 831 905 910 sumptus
938 829 1032 892 datus
1056 832 1115 892 est.

104 937 163 998 per
186 915 263 978 deos
286 914 484 995 inmortalis,
511 918 623 979 utrum
646 915 785 979 censetis
809 936 860 978 me
883 916 987 986 vicem
1011 917 1149 981 aeraria

105 1006 272 1086 praestare
304 1025 347 1067 an
378 1002 556 1067 exercitum
588 1002 657 1066 sine
689 1002 852 1068 frumento
886 1006 919 1067 et
952 1004 1115 1088 stipendio

104 1091 225 1154 habere
248 1091 367 1173 posse?
535 1096 536 1100 ’

134 1175 139 1184 '
172 1178 334 1261 Equidem
356 1177 462 1243 fateor
485 1199 536 1242 me
560 1178 685 1243 adhoc
707 1179 831 1243 bellum
861 1179 983 1243 maiore
1006 1179 1115 1243 studio
1135 1194 1152 1242 4

107 1288 205 1350 quam
235 1265 370 1331 consilio
400 1265 597 1349 profectum,
627 1267 745 1350 quippe
776 1267 832 1351 qui
860 1267 991 1331 nomine
1019 1267 1115 1331 modo

105 1354 223 1438 imperi
245 1375 266 1417 a
287 1353 380 1418 vobis
404 1357 537 1437 accepto
561 1353 674 1417 diebus
698 1354 915 1440 quadraginta
937 1355 1115 1419 exercitum

104 1441 218 1526 paravi
241 1442 410 1525 hostisque
433 1441 469 1504 in
491 1440 669 1506 cervicibus
693 1441 759 1505 iam
782 1441 899 1506 Italiae
922 1444 1050 1527 agentis
1074 1443 1115 1506 ab

105 1529 246 1613 Alpibus
274 1529 309 1593 in
334 1528 529 1612 Hispaniam
556 1528 713 1593 submovi.
763 1551 821 1613 per
848 1551 902 1594 eas
935 1531 998 1595 iter
1028 1531 1116 1595 aliud

107 1621 205 1700 atquc
232 1615 412 1700 Hannibal,
438 1617 534 1681 nobis
562 1617 790 1701 opportunius,
817 1617 965 1701 patefeci.
1010 1619 1151 1702 recepit

107 1704 249 1770 Galliam
272 1704 473 1788 Pyrenaeum
496 1704 706 1770 Lacetaniam
732 1704 891 1790 Indigetis
919 1710 953 1770 et
974 1707 1116 1790 primum

105 1794 265 1877 impetum
299 1791 425 1858 Sertori
456 1792 590 1858 victoris
621 1793 715 1858 novis
748 1793 909 1859 militibus
945 1797 978 1858 et
1012 1795 1115 1860 multo

105 1881 313 1965 paucioribus
341 1881 482 1946 sustinui
509 1881 712 1964 hiememque
742 1882 858 1947 castris
886 1882 972 1947 inter
1000 1883 1117 1947 saevis·

106 1990 217 2034 sumos
244 1969 364 2053 hostis,
394 1990 461 2033 non
491 1990 550 2052 per
582 1970 701 2052 oppida
731 1990 835 2052 neque
867 1992 907 2034 ex
938 1971 1116 2035 ambitione

106 2058 168 2142 egi.
219 2056 297 2140 quid
323 2056 436 2121 deinde
464 2056 589 2139 proelia
616 2061 673 2121 aut
700 2057 919 2139 expeditiones
954 2058 1152 2142 hibernas,6

106 2145 226 2228 oppida
244 2144 351 2208 excisa
369 2147 427 2209 aut
445 2148 575 2228 recepta
593 2144 801 2208 enumerem?
825 2145 953 2227 quando
971 2166 1022 2209 res
1040 2146 1115 2228 plus

105 2234 194 2297 valet
226 2254 323 2316 quam
354 2232 461 2296 verba.
511 2235 620 2296 castra
648 2231 794 2296 hostium
826 2232 910 2315 apud
939 2229 1116 2297 Sucronem

107 2324 204 2404 capta
222 2324 255 2384 et
268 2320 429 2403 proelium
447 2319 532 2404 apud
545 2319 667 2384 flumen
678 2319 818 2383 Durium
837 2323 870 2384 et
888 2319 953 2384 dux
970 2321 1116 2385 hostium

106 2408 142 2474 O.
164 2407 347 2472 Herennius
381 2429 454 2472 cum
482 2407 563 2472 urbe
590 2406 745 2472 Valentia
776 2411 810 2471 et
842 2408 986 2472 exercitu
1018 2409 1116 2473 deleti

107 2496 188 2561 satis
212 2497 299 2560 clara
320 2495 414 2560 vobis
438 2499 523 2559 sunt.
562 2516 623 2579 pro
646 2495 728 2580 quis,
751 2517 770 2560 o
793 2495 881 2580 grati
903 2500 1023 2581 patres,
1046 2518 1116 2582 ege

107 2587 228 2648 statem
250 2588 284 2647 et
306 2583 426 2648 famem
449 2583 594 2648 redditis.

172 2671 288 2755 Itaque
311 2692 384 2736 meo
407 2675 441 2735 et
462 2671 608 2736 hostium
626 2671 781 2736 exercitui
803 2693 863 2754 par
882 2671 1028 2736 condicio
1052 2676 1149 2757 est3'1

104 2781 245 2843 namque
278 2759 476 2844 stipendium
504 2758 612 2823 neutri
640 2758 749 2842 datur,
780 2759 886 2823 victor
916 2763 1053 2842 uterque
1080 2760 1115 2823 in

106 2848 239 2912 Italiam
256 2848 365 2912 venire
382 2850 502 2930 potest.
535 2846 621 2930 quod
638 2866 699 2931 ego
717 2867 776 2911 vos
795 2868 911 2912 moneo
930 2868 1114 2932 quaesoque
1133 2863 1149 2912 8

105 2940 143 3000 ut
166 2935 433 3000 animadvortatis
456 2957 519 2999 neu
543 2934 669 3019 cogatis
691 2934 942 2999 necessitatibus
960 2935 1115 3018 privatim

105 3024 187 3088 mihi
210 3025 385 3090 consulere.
430 3021 624 3106 Hispaniam
647 3022 845 3107 citeriorem,
873 3044 955 3106 quae
982 3045 1049 3088 non
1072 3023 1113 3086 ab
1133 3039 1149 3088 9

104 3111 256 3176 hostibus
279 3114 422 3195 tenetur,
444 3131 505 3175 nos
530 3114 587 3174 aut
610 3108 773 3176 Sertorius
797 3112 838 3175 ad
860 3111 1114 3176 internecionem

104 3200 314 3284 vastavimus,
340 3202 470 3283 praeter
497 3197 688 3283 maritumas
717 3198 874 3264 civItatis:
901 3199 990 3264 ultro
1016 3198 1113 3262 nobis

105 3288 251 3371 sumptui
265 3287 394 3371 aerique
409 3290 495 3351 sunt.
523 3284 631 3351 Gallia
645 3286 809 3369 superiore
824 3308 908 3350 anno
922 3285 1048 3350 Metelli
1063 3307 1113 3348 ex·

105 3375 242 3440 ercitum
257 3374 417 3459 stipendio
430 3374 659 3458 frumentoque
673 3373 756 3438 aluit
773 3377 807 3439 et
820 3395 906 3438 nunc
920 3373 1015 3437 malis
1030 3372 1113 3438 fruc·

104 3465 193 3528 tibus
216 3464 289 3547 ipsa
311 3463 365 3528 vix
387 3463 501 3548 agitat.
534 3482 595 3546 ego
617 3483 684 3526 non
706 3482 775 3527 rem
794 3460 989 3525 familiarem
1007 3461 1112 3545 mode,

103 3575 216 3617 verum
239 3551 339 3616 etiam
361 3551 459 3616 fidem
481 3549 676 3635 consumpsi.
717 3549 834 3633 reliqui
856 3570 914 3614 vos
938 3548 1031 3614 estis:
1056 3550 1112 3633 qui
1132 3565 1165 3615 ιο

900 3652 938 3706 9*
