2542 4192
312 300 457 356 BELLUM
475 301 735 360 IUGURTHINUM
754 320 776 359 o.
797 310 909 360 <sa-64.
1075 305 1117 370 87

103 466 178 510 sese
197 445 357 510 exercuit:
375 446 425 510 ita
441 447 527 511 inter
547 448 627 511 artis
647 449 748 513 bonas
767 450 932 534 integrum
950 449 1117 535 ingenium

104 533 198 597 brevi
222 533 371 598 adolevit.
408 555 498 620 ergo,
523 535 580 599 ubi
603 535 746 619 primum
773 537 977 601 tribunatum
999 538 1117 602 milita
1136 554 1153 602 4

104 643 175 686 rem
194 622 348 706 apopulo
366 622 461 706 petit,
479 622 642 706 plerisque
656 622 773 688 faeiem
791 625 860 688 eius
879 625 1116 710 ignorantibus,

104 708 202 774 factis
225 713 323 774 notus
350 732 408 794 per
432 711 536 774 omnis
565 711 670 776 tribus
698 712 888 784 declaratur.
933 714 1046 778 deinde
1075 715 1152 780 abo

103 818 145 862 eo
169 797 366 882 magistratu
390 798 499 882 alium,
521 803 597 883 post
616 800 716 864 alium
737 801 801 864 sibi
818 801 953 885 peperit,
977 824 1116 885 semper·

105 906 168 969 que
195 885 231 949 in
256 886 477 970 potestatibus
506 908 543 950 eo
572 888 667 952 modo
696 888 858 973 agitabat,
888 892 927 952 ut
959 890 1115 973 ampliore

105 994 205 1056 quam
228 975 364 1058 gerebat
387 974 504 1058 dignus
528 975 711 1040 haberetur.
744 981 854 1040 tamen
872 976 901 1040 is
922 977 962 1041 ad
980 977 1013 1041 id
1031 978 1152 1045 loco-6

104 1083 180 1125 rum
202 1061 278 1125 talis
301 1061 351 1126 vir
380 1058 469 1147 (nam
494 1065 611 1146 postea
634 1064 811 1128 ambitione
838 1086 991 1148 praeceps
1019 1066 1115 1130 datus

103 1145 170 1233 est)
200 1149 404 1214 consulatum
428 1151 578 1233 adpetere
609 1173 677 1216 non
709 1153 856 1216 audebat.
911 1152 1012 1216 etiam
1044 1157 1116 1217 tum

103 1236 187 1301 alios
211 1237 425 1323 magistratus
448 1238 551 1321 plebs,
575 1239 780 1304 consulatum
802 1240 958 1304 nobilitas
977 1241 1063 1304 inter
1082 1262 1115 1305 se
1235 1300 1240 1307 .

103 1347 164 1408 per
186 1346 300 1389 manus
324 1326 482 1389 tradebat.
526 1348 629 1390 novos
655 1348 751 1391 nemo
780 1331 848 1392 tam
878 1328 984 1392 clarus
1010 1345 1150 1411 nequer

104 1417 175 1476 tam
199 1413 339 1498 egregiis
362 1413 459 1478 factis
483 1418 562 1497 erat,
586 1414 664 1497 quin
686 1415 838 1499 indignus
857 1415 916 1480 illo
936 1416 1059 1480 honore
1083 1418 1116 1480 et

104 1500 135 1564 is
159 1501 251 1583 quasi
273 1501 419 1584 pollutus
443 1501 626 1565 haberetur.
868 1566 871 1571 ,

173 1587 280 1674 Igitur
297 1589 354 1653 ubi
368 1587 492 1653 Marius
511 1591 611 1670 [oum]
631 1590 813 1674 haruspicis
832 1590 920 1655 dicta
938 1591 1052 1655 eodem
1069 1590 1115 1654 in-
1126 1592 1169 1657 64

104 1676 236 1741 tendere
250 1676 347 1760 videt,
366 1699 430 1760 quo
450 1677 566 1761 cupido
586 1678 686 1742 animi
699 1678 902 1762 hortabatur,
922 1680 961 1743 ab
982 1678 1115 1742 Metello

104 1765 240 1848 petundi
258 1765 366 1850 gratia
384 1765 573 1829 missionem
586 1771 691 1851 rogat.
724 1767 777 1831 cui
796 1787 993 1851 quamquam
1012 1766 1116 1830 virtus

103 1852 212 1938 gloria
235 1857 332 1936 atque
356 1853 421 1917 alia
439 1854 581 1937 optanda
598 1855 693 1919 bonis
713 1856 918 1939 superabant,
942 1859 1052 1918 tamen
1070 1855 1116 1918 in-

105 1944 177 2005 erat
195 1945 401 2025 contemptor
424 1941 551 2006 animus
575 1945 609 2005 et
630 1943 789 2027 superbia,
813 1965 982 2007 commune
999 1942 1115 2007 nobili-

104 2029 185 2094 tatis
200 2029 330 2093 malum.
353 2029 463 2113 itaque
478 2030 620 2113 primum
630 2033 799 2094 conmotus
810 2031 944 2094 insolita
952 2051 987 2093 re
1002 2030 1115 2092 mirari
1133 2049 1150 2096 a

106 2117 275 2201 [primum]
292 2117 361 2181 eius
376 2117 596 2182 consiliumet
610 2118 703 2200 quasi
717 2140 774 2201 per
784 2118 963 2182 amicitiam
976 2138 1115 2199 monere,

104 2227 146 2270 ne
166 2210 234 2269 tam
248 2227 348 2289 prava
361 2205 519 2289 inciperet
532 2227 596 2269 neu
615 2227 711 2289 super
724 2205 891 2270 fortunam
904 2204 1049 2268 animum
1063 2225 1115 2288 ge-

104 2297 205 2358 reret:
218 2314 286 2358 non
304 2293 413 2357 omnia
432 2293 581 2358 omnibus
600 2294 761 2377 cupiunda
774 2314 853 2377 esse,
870 2294 985 2357 debere
999 2291 1049 2355 illi
1063 2313 1114 2357 res

104 2403 181 2446 suas
206 2381 286 2445 satis
309 2382 449 2465 placere:
477 2385 643 2465 postremo
672 2385 799 2446 caveret
825 2382 859 2445 id
885 2385 995 2465 petere
1019 2401 1038 2443 a
1060 2401 1115 2464 po-

104 2469 183 2553 pulo
198 2468 356 2554 Romano,
375 2471 461 2553 quod
479 2469 529 2533 illi
542 2470 611 2534 iure
629 2474 813 2555 negaretur.
844 2473 1022 2553 postquam
1034 2468 1115 2533 haee
1133 2487 1149 2535 3

104 2561 204 2641 atque
236 2557 301 2620 alia
332 2557 412 2622 talia
439 2557 521 2622 dixit
552 2579 655 2641 neque
689 2558 814 2621 animus
847 2555 931 2621 Mari
963 2557 1115 2640 flectitur,

105 2645 288 2729 respondit,
311 2645 368 2709 ubi
390 2646 531 2728 primum
549 2645 712 2729 potuisset
739 2667 797 2729 per
818 2645 954 2729 negotia
975 2643 1115 2727 publica,

104 2732 270 2798 facturum
292 2754 362 2796 sese
386 2754 467 2816 quae
486 2737 621 2816 peteret.
657 2754 695 2797 ae
713 2737 829 2814 postea
851 2731 979 2815 saepius
1003 2731 1151 2797 eademl

105 2820 288 2905 postulanti
305 2819 410 2884 fertur
427 2820 555 2903 dixisse,
577 2841 617 2884 ne
635 2819 806 2883 festinaret
829 2819 931 2882 abire:
951 2819 1031 2882 satis
1050 2840 1115 2882 ma

104 2913 179 2972 ture
203 2908 297 2972 illum
319 2930 393 2972 cum
415 2907 483 2972 filio
503 2929 561 2972 suo
581 2907 786 2973 consulatum
803 2906 992 2991 petiturum.
1028 2907 1057 2971 is
1077 2928 1114 2970 eo

105 3001 253 3080 tempore
281 2995 493 3060 contubernio
520 2995 623 3078 patris
650 2995 772 3059 ibidem
802 2995 981 3078 militabat,
1013 3016 1114 3058 annos

104 3088 203 3149 natus
227 3083 357 3149 circiter
378 3083 506 3168 viginti.
544 3105 625 3166 quae
648 3105 699 3147 res
722 3082 862 3146 Marium
886 3105 960 3148 cum
981 3104 1041 3165 pro
1059 3082 1116 3146 ho·

105 3193 199 3254 nore,
232 3193 328 3255 quem
360 3171 554 3254 adfectabat,
586 3176 657 3235 tum
685 3175 799 3235 contra
826 3170 996 3234 Metellum
1022 3168 1115 3232 vehe-

106 3263 232 3324 menter
256 3258 453 3324 accenderat.
494 3259 543 3322 ita
565 3258 713 3342 cupidine
742 3263 839 3342 atque
862 3259 925 3341 ira,
952 3255 1113 3340 pessumis
1133 3271 1149 3321 5

106 3347 358 3430 consultoribus,
381 3346 537 3432 grassari:
566 3367 670 3428 neque
693 3346 780 3410 facto
803 3345 872 3409 ullo
898 3365 1003 3426 neque
1026 3342 1113 3407 dicto

104 3435 279 3518 abstinere,
294 3435 379 3518 quod
394 3434 490 3499 modo
506 3434 715 3498 ambitiosum
733 3432 832 3517 foret3
851 3432 981 3514 milites,
996 3430 1114 3514 quibus

104 3522 140 3587 in
161 3522 308 3587 hibernis
331 3526 492 3607 praeerat,
515 3521 637 3586 laxiore
660 3520 796 3603 imperio
821 3541 919 3604 quam
942 3521 1038 3584 antea
1059 3519 1115 3583 ha·

104 3609 196 3697 bere3
232 3611 317 3694 apud
348 3610 583 3695 negotiatores,
618 3630 756 3692 quorum
788 3628 908 3694 magna
938 3606 1114 3674 multitudo
