2542 4192
278 273 424 328 BELLUM
442 273 701 330 IUGURTHINUM
720 292 743 331 e.
762 280 874 331 47-50.
1044 276 1083 340 77

77 419 117 484 ab
141 418 364 483 Romanorum
388 417 493 482 avarit
494 418 526 482 ia
549 417 734 484 defendant.
727 441 735 456 ·
707 424 831 484 tcum
854 419 900 484 cis
921 423 1085 485 certamen

76 507 159 589 fore,
187 528 268 590 quos
297 510 407 570 antea
419 506 523 571 victos
552 506 648 570 sub
638 529 752 592 rugum
778 507 939 591 miserint3
912 508 1085 572 tducem

77 594 154 678 illis,
171 615 238 658 non
252 595 396 657 animum
410 597 502 658 muta
503 598 587 678 tum3
606 615 687 677 quae
706 594 774 658 ab
765 599 960 679 imperatore
974 595 1086 661 decue·

76 686 143 745 rrnt
76 681 267 746 rmomnia
281 681 347 745 suis
361 682 500 765 provisa,
515 681 623 747 locum
637 682 844 767 superiorem,
858 705 880 746 u
882 684 1085 766 tprudentes

77 791 152 834 cum
178 769 343 852 inperitis,
369 790 410 833 ne
436 769 605 853 pauciores
634 792 707 834 cum
733 770 881 855 pluribus
909 775 966 835 aut
952 772 1084 835 trudes

77 880 151 922 cum
165 857 245 921 belli
259 856 447 921 melioribus
457 879 589 921 manum
598 861 811 922 consererent.
833 857 967 942 proinde
977 859 1085 943 parati
1103 879 1120 926 a

77 945 259 1028 intentique
283 947 392 1008 essent
413 945 506 1029 signo
526 945 602 1010 dato
621 945 786 1010 Romanos
804 945 967 1010 invadere:
990 946 1085 1011 illum

77 1033 163 1097 diem
195 1037 251 1098 aut
283 1032 388 1096 omnis
416 1033 543 1097 labores
572 1037 605 1098 et
633 1033 785 1099 victorias
818 1033 1084 1098 confirmaturum

77 1125 134 1185 aut
162 1142 386 1184 maxumarum
414 1142 640 1186 aerumnarum
666 1121 797 1186 initium
823 1120 901 1185 fore.
954 1121 995 1185 ad
1021 1120 1119 1188 hocr

77 1208 211 1292 viritim,
235 1209 285 1271 uti
309 1230 467 1292 quemque
491 1209 531 1273 ob
555 1209 696 1274 militare
719 1210 844 1274 facinus
866 1209 1004 1294 pecunia
1026 1212 1084 1273 aut

76 1296 199 1361 honore
227 1296 401 1380 extulerat,
428 1296 690 1362 conmonefacere
717 1297 847 1362 benifici
874 1297 924 1362 sui
952 1301 986 1361 et
1010 1318 1085 1361 eum

77 1384 187 1467 ipsum
210 1383 283 1447 aliis
307 1387 481 1467 ostentare,
503 1388 669 1467 postremo
691 1406 751 1469 pro
775 1385 929 1469 cuiusque
952 1384 1083 1471 ingenio

76 1471 258 1555 pollicendo
282 1471 461 1535 minitando
485 1472 679 1536 obtestando
703 1472 803 1536 alium
826 1473 889 1536 alio
914 1473 1009 1537 modo
1033 1495 1084 1537 ex·

78 1560 192 1640 citare,
221 1580 295 1623 cum
321 1559 453 1622 interim
475 1557 628 1624 Metellus
654 1559 787 1644 ignarus
805 1559 950 1625 hostiurn
974 1565 1083 1625 monte

20 1682 24 1691 ·
77 1647 265 1732 degrediens
293 1668 367 1711 cum
395 1647 537 1711 exercitu
566 1649 779 1732 conspicatur.
824 1648 929 1731 primo
957 1647 1118 1732 dubius,5

79 1735 232 1818 quidnam
254 1734 388 1798 insolita
408 1735 507 1800 facies
526 1735 710 1800 ostenderet
730 1733 819 1821 (nam
836 1736 923 1800 inter
940 1736 1084 1820 virgulta

78 1823 153 1905 equi
175 1821 399 1905 Numidaeque
427 1824 651 1907 consederant,
678 1846 782 1908 neque
809 1824 904 1907 plane
929 1824 1083 1888 occultati

77 1909 263 1974 humilitate
290 1911 444 1975 arborum
471 1915 638 1976 ettamen
659 1911 789 1996 incerti,
813 1912 966 1994 quidnam
989 1915 1083 1996 esset,

77 2020 152 2062 cum
178 2001 296 2062 natura
321 1998 386 2064 loci
412 2002 485 2063 tum
507 1999 581 2062 dolo
604 1999 668 2082 ipsi
691 2003 788 2082 atque
812 1999 905 2083 signa
929 1999 1084 2063 militaria

78 2084 271 2170 obscurati),
302 2086 376 2150 dein
402 2087 493 2151 brevi
521 2086 661 2170 cognitis
688 2086 814 2150 insidiis
842 2086 1007 2169 paulisper
1031 2105 1084 2169 ag·

78 2194 153 2237 men
180 2174 359 2238 constituit.
409 2174 456 2237 ibi
483 2173 680 2238 conmutatis
709 2173 876 2238 ordinibus
903 2173 939 2236 in
970 2173 1119 2238 dextros

78 2262 194 2344 latere,
222 2262 307 2344 quod
333 2283 528 2345 proxumum
555 2261 661 2325 hostis
689 2265 772 2344 erat,
799 2259 982 2345 triplicibus
1011 2260 1084 2324 sub-

78 2348 169 2412 sidiis
198 2350 299 2413 aciem
325 2349 495 2433 instruxit,
522 2349 608 2412 inter
634 2349 817 2433 manipulos
844 2348 1025 2412 frmditores
1051 2351 1084 2412 et

78 2436 268 2522 sagittarios
300 2437 465 2522 dispertit,
497 2437 679 2521 equitatum
707 2458 836 2501 omnem
865 2437 901 2500 in
932 2436 1083 2501 cornibus

78 2524 178 2608 locat,
202 2545 239 2588 ac
261 2546 365 2609 pauca
385 2547 444 2609 pro
467 2529 613 2610 tempore
641 2525 762 2589 milites
788 2525 940 2589 hortatus
974 2524 1084 2608 aciem,

78 2611 176 2676 sicuti
198 2612 405 2695 instruxerat,
428 2613 623 2677 transvorsis
644 2612 811 2697 principiis
830 2612 865 2676 in
881 2612 1015 2695 planum
1034 2612 1085 2674 de-

78 2700 176 2764 ducit.
221 2700 277 2764 sed
305 2700 362 2764 ubi
383 2699 542 2764 Numidas
571 2701 698 2784 quietos
720 2720 824 2783 neque
848 2698 929 2763 colle
953 2698 1084 2782 degredi
1095 2699 1138 2763 50

77 2787 320 2871 animadvortit,
337 2788 460 2852 veritus
479 2811 518 2852 ex
537 2788 612 2851 anni
631 2792 777 2870 tempore
796 2789 830 2850 ct
848 2785 958 2868 inopia
973 2806 1084 2870 aquae,

77 2895 118 2938 ne
149 2875 206 2938 siti
229 2876 440 2940 conficeretur
463 2875 635 2959 exercitus,
659 2873 820 2938 Rutilium
843 2874 988 2959 legatum
1011 2894 1085 2937 cum

77 2962 238 3046 expeditis
266 2962 455 3028 cohortibus
484 2968 518 3027 et
544 2966 637 3047 parte
665 2961 812 3046 equitum
843 2961 1013 3046 praemisit
1044 2961 1085 3026 ad

80 3049 210 3134 flumen,
231 3051 281 3116 uti
304 3051 412 3116 locum
436 3051 551 3116 castris
575 3054 789 3135 antecaperet,
812 3050 1011 3114 existumans
1029 3048 1086 3114 ho-

78 3137 140 3201 stis
168 3139 280 3203 crebro
309 3139 433 3223 impetu
462 3143 494 3203 et
521 3140 717 3204 transvorsis
745 3137 876 3221 proeliis
904 3136 968 3200 iter
991 3158 1085 3200 suum

79 3231 298 3291 remoraturos
313 3230 355 3309 et,
374 3228 527 3310 quoniam
541 3225 639 3289 armis
654 3225 846 3307 diffiderent,
860 3223 1085 3288 lassitudinem

78 3318 113 3376 et
136 3314 179 3377 sit
180 3314 226 3376 im
248 3314 391 3378 militum
414 3317 639 3397 temptaturos
685 3312 827 3377 deinde'
818 3333 888 3394 ipse
906 3331 965 3395 pro
985 3331 1020 3374 rc
1039 3313 1118 3374 ata

80 3422 141 3481 que
158 3400 239 3485 loco,
257 3401 355 3466 sicuti
374 3406 465 3466 mont
467 3423 483 3465 e
451 3401 706 3466 tdescenderat
706 3399 891 3498 ,paulatim
904 3397 1085 3482 procedere,

80 3451 239 3551 Marium
242 3494 319 3571 post
337 3489 496 3589 principia
514 3488 734 3572 habere,1pse
754 3509 826 3551 cum
846 3486 997 3550 sinistrae
1016 3485 1085 3550 alae

78 3575 170 3658 equit
156 3575 244 3640 tibus
268 3599 347 3662 esse,
371 3576 426 3659 qui
448 3577 483 3642 in
505 3577 634 3662 agmine
656 3575 818 3660 principes
842 3572 922 3638 facti
895 3577 1046 3640 ttcran
