2542 4192
195 247 238 312 66
522 243 550 300 O.
570 243 740 298 SALLUSTI
759 242 874 299 CRISPI

141 406 177 454 24
195 391 297 456 veluti
319 389 480 472 hostibus,
503 389 654 454 hostibus
673 410 732 472 pro
752 388 849 453 sociis
867 391 1012 452 utuntur.
1052 394 1210 473 potestne

195 480 231 543 iu
253 483 322 542 tam
346 477 484 542 divorsis
507 476 671 541 mentibus
694 498 759 559 pax
781 479 838 540 aut
861 476 1006 541 amicitia
1028 479 1121 543 esse?

142 581 176 630 25
264 565 335 641 Qua
362 587 396 629 re
425 586 539 629 moneo
568 564 745 647 hortorque
773 585 844 647 voa,
870 586 912 628 ne
939 567 1069 629 tantum
1099 567 1211 632 scelus

195 654 381 737 inpunitum
405 653 576 717 omittatis.
621 674 688 716 non
709 652 878 734 peculatus
902 653 1005 716 aerari
1028 653 1136 718 factus
1156 659 1210 719 est

193 763 298 824 neque
326 764 384 825 per
411 741 477 805 vim
505 740 601 804 sociis
630 744 758 822 ereptae
786 739 954 822 pecuniae,
985 762 1066 824 quae
1096 764 1209 826 quam-

196 851 294 913 quam
312 829 426 914 gravia
449 832 534 913 sunt,
557 832 667 892 tamen
686 827 918 892 consuetudine
937 828 1003 892 iam
1021 851 1081 912 pro
1100 830 1209 896 nihilo

194 916 370 982 habentur:
396 915 486 981 hosti
515 936 681 979 acerrumo
708 915 838 998 prodita
861 919 992 980 senatus
1017 918 1209 1002 auctoritas,

195 1006 362 1088 proditum
380 1004 552 1087 imperium
570 1007 719 1068 rostrum
737 1007 801 1087 est,
824 1003 911 1067 domi
930 1004 1131 1088 militiaeque
1153 1028 1209 1071 res

141 1108 177 1158 26
195 1093 327 1176 publica
353 1092 476 1158 venalis
504 1091 576 1154 fuit.
627 1112 709 1174 quae
736 1090 801 1154 nisi
830 1091 977 1174 quaesita
1004 1096 1113 1176 erunt,
1140 1093 1208 1157 nisi

195 1181 394 1246 vindicatum
416 1179 452 1243 in
473 1179 602 1262 noxios,
626 1178 703 1261 quid
726 1178 789 1242 erit
811 1178 960 1263 relicum,
986 1179 1051 1244 nisi
1073 1184 1111 1244 ut
1138 1180 1209 1244 illis

196 1269 251 1352 qui
275 1291 313 1332 ea
334 1268 438 1332 fecere
463 1266 669 1331 oboedientes
693 1265 861 1330 vivamus?
883 1289 960 1330 nam
982 1268 1103 1351 inpune
1123 1290 1208 1351 quae

144 1371 178 1420 27
198 1356 291 1420 lubet
313 1356 428 1439 facere,
450 1355 484 1418 id
507 1358 557 1418 est
579 1375 689 1439 regem
712 1375 791 1419 esse.
835 1375 941 1437 neque
959 1375 1020 1440 ego
1038 1377 1110 1439 vos,
1130 1355 1209 1431 Qui-

195 1443 284 1527 rites,
306 1444 430 1526 hortor,
453 1447 490 1507 ut
513 1442 636 1506 malitis
660 1442 739 1507 civis
762 1446 891 1507 vostros
914 1464 1083 1526 perperam
1107 1464 1209 1527 quam

195 1535 283 1596 recte
314 1531 444 1615 fecisse,
480 1531 537 1594 sed
567 1552 608 1594 ne
639 1530 839 1614 ignoscundo
872 1530 966 1594 malis
999 1531 1103 1595 bonos
1135 1553 1209 1614 per-

142 1619 302 1684 auditum
329 1619 420 1684 eatis.
468 1619 521 1699 [ad
550 1618 626 1698 hoc]
655 1618 691 1683 in
717 1639 752 1682 re
778 1617 909 1702 publica
931 1618 1035 1682 multo
1058 1623 1211 1701 praestat

195 1707 324 1772 benifici
357 1727 455 1790 quam
491 1705 624 1768 malifici
653 1704 865 1769 inmemorem
892 1727 976 1771 esse:
1003 1706 1107 1771 bonus
1136 1710 1209 1771 tan·

195 1798 267 1857 tum
291 1794 386 1858 modo
411 1792 542 1877 segnior
563 1793 616 1875 fit,
639 1792 697 1856 ubi
719 1793 874 1878 neglegas
881 1844 889 1875 ,
913 1797 948 1857 at
971 1794 1075 1858 malus
1099 1794 1210 1877 inpro-

142 1897 178 1945 ae
198 1881 280 1945 bior.
307 1881 373 1996 ,ad
394 1881 457 1945 hoc
479 1879 509 1945 si
530 1879 668 1945 iniuriae
690 1901 756 1945 non
780 1880 855 1965 sint,
876 1881 964 1944 haud
986 1903 1081 1965 saepe
1104 1882 1210 1947 auxili

141 2056 186 2121 32
200 1990 351 2123 egelidae
379 2061 476 2140 atque
505 2055 569 2121 alia
593 2055 727 2122 huiusce
750 2057 839 2121 modi
862 2077 957 2141 saepe
982 2057 1042 2139 [in]
1067 2056 1209 2123 dicundo

195 2144 369 2210 Memmius
396 2146 516 2228 populo
544 2145 731 2230 persuadet,
752 2145 803 2209 uti
825 2143 862 2209 L.
886 2143 1031 2229 Cassius,
1055 2145 1111 2229 qui
1135 2150 1209 2211 tum

195 2238 328 2317 praetor
351 2237 434 2316 erat,
458 2233 499 2296 ad
521 2231 716 2317 Iugurtham
739 2232 926 2298 mitteretur
949 2254 1085 2316 eumque
1108 2233 1210 2298 inter·

194 2323 304 2405 posita
331 2321 394 2385 fide
421 2319 552 2402 publica
580 2319 720 2385 Romam
749 2320 893 2406 duceret,
922 2342 985 2404 quo
1008 2319 1137 2386 facilius
1160 2321 1210 2386 in·

196 2408 279 2472 dicio
298 2408 385 2492 regis
406 2405 520 2472 Scauri
538 2410 572 2470 et
590 2407 798 2493 reliquorum,
818 2430 899 2492 quos
918 2409 1072 2492 pecuniae
1092 2413 1209 2492 captae

196 2495 391 2578 arcessebat,
414 2494 533 2558 delicta
554 2494 755 2577 patefierent.

159 2597 177 2648 2
262 2583 349 2648 Dum
367 2583 447 2647 haec
464 2581 589 2646 Romae
608 2585 775 2666 geruntur,
798 2583 854 2666 qui
872 2583 908 2648 in
925 2583 1082 2649 Numidia
1099 2585 1209 2650 relicti

196 2671 342 2737 aBestia
361 2669 517 2735 exercitui
535 2673 716 2754 praeerant,
734 2671 838 2735 secuti
856 2693 980 2736 morem
998 2672 1208 2756 imperatoris

160 2775 177 2823 3
197 2760 247 2825 sui
269 2759 420 2843 pluruma
443 2762 476 2823 et
498 2758 767 2843 flagitiosissuma
789 2757 934 2824 facinora
958 2758 1071 2825 fecere.
1116 2759 1209 2826 fuere

197 2848 252 2932 qui
276 2869 353 2912 auro
378 2846 529 2929 conrupti
549 2845 739 2929 elephantos
758 2845 937 2931 Iugurthae
956 2848 1132 2932 traderent,
1151 2847 1209 2912 alii

195 2935 349 3019 perfugas
381 2934 525 3016 vendere,
556 2955 632 3017 pars
665 2952 703 2998 ex
733 2934 859 3017 pacatis
886 2937 1021 3018 praedas
1050 2936 1208 3020 agebant:

30 3028 32 3032 '
159 3039 178 3086 4
197 3025 290 3087 tanta
317 3021 366 3086 ris
395 3021 551 3085 avaritiae
574 3021 609 3085 in
631 3022 757 3086 animos
781 3044 893 3087 eorum
915 3023 1017 3088 veluti
1045 3023 1138 3088 tabes
1161 3023 1209 3087 in-

159 3113 334 3175 avaserat.
384 3113 418 3174 at
447 3107 578 3174 Cassius
610 3113 742 3192 praetor
768 3110 896 3193 perlata
923 3110 1093 3196 rogatione
1126 3133 1145 3175 a
1173 3109 1209 3176 Ο.

195 3197 350 3264 Memmio
380 3219 416 3262 ac
443 3196 593 3282 perculsa
619 3197 708 3262 omni
737 3197 911 3262 nobilitate
944 3199 985 3263 ad
1012 3197 1209 3284 Iugurtham

195 3286 413 3372 proficiscitur
437 3286 530 3369 eique
553 3283 668 3349 timido
693 3289 726 3350 et
754 3307 792 3349 ex
819 3285 1019 3350 conscientia
1047 3283 1209 3351 diffidenti

195 3377 292 3440 rebus
316 3375 383 3440 suis
406 3373 587 3458 persuadet,
611 3372 763 3456 quoniam
786 3394 820 3437 se
843 3374 964 3457 populo
983 3373 1132 3439 Romano
1157 3374 1209 3437 de·

197 3463 307 3545 disset,
320 3485 361 3527 ne
375 3462 442 3526 vim
459 3483 556 3545 quam
574 3460 830 3526 misericordiam
844 3461 913 3526 eius
929 3461 1068 3546 experiri
1085 3461 1208 3525 mallet.

194 3550 350 3634 privatim
378 3553 546 3633 praeterea
573 3548 670 3613 fidem
693 3570 785 3614 suam
807 3549 1001 3635 interponit,
1029 3568 1128 3634 quam
1151 3549 1210 3614 ille
