2542 4192
187 239 228 304 76
514 239 543 297 C.
563 239 735 294 SALLUSTI
754 191 868 295 CltlSPI

185 384 272 449 bello
291 384 365 449 usui
383 383 504 467 forent,
523 388 724 468 conportans,
743 387 843 467 ratus,
862 383 895 447 id
915 383 1001 466 quod
1018 404 1070 448 res
1090 406 1201 450 mone·

186 472 253 555 bat,
271 471 488 555 frequentiam
504 472 749 557 negotiatorum
768 476 801 536 et
820 474 992 537 conmeatu
1011 471 1201 539 iuvaturam

151 576 167 623 s
187 560 365 624 exercitum
388 563 421 622 et
438 560 505 624 iam
522 560 646 643 paratis
666 561 762 625 rebus
781 558 982 625 munimento
1001 558 1080 625 fore.
1110 560 1205 626 inter,

186 647 266 711 haec
287 647 421 732 negotia
443 647 604 732 Iugurtha
625 648 791 731 inpensius
812 647 909 712 modo
927 647 1056 731 legatos
1076 650 1200 734 suppli-

94 774 100 778 -
187 756 239 799 ces
263 735 403 819 mittere,
425 756 538 819 pacem
562 757 663 821 orare,
685 739 815 820 praeter
838 757 931 801 suam
954 735 1200 820 liberorumque

151 823 291 887 4vitam
320 823 429 887 omnia
450 821 583 888 Metello
612 824 734 888 dedere.
780 845 861 908 quos
888 824 969 887 item
995 823 1045 888 uti
1070 824 1199 908 priores

187 911 300 975 consul
319 911 455 977 inlectos
468 911 509 976 ad
524 911 743 996 proditionem
759 911 892 976 domum
910 911 1108 996 dimittebat,
1125 913 1198 998 regi

186 1020 314 1083 pacem,
337 1021 434 1082 quam
456 999 661 1082 postulabat,
683 1021 787 1082 neque
811 1000 951 1064 abnuere
976 1021 1081 1083 nequa
1102 1000 1198 1084 polli-

187 1086 253 1150 ceri
272 1091 305 1151 et
323 1087 409 1151 inter
428 1108 481 1151 eas
501 1108 609 1151 moras
626 1087 789 1170 promissa
808 1087 994 1172 legatorum
1017 1091 1199 1171 expectare.

131 1173 177 1238 48
254 1173 415 1260 Iugurtha
441 1175 498 1238 ubi
526 1174 652 1239 Metelli
679 1174 767 1239 dicta
794 1197 867 1239 cum
894 1175 990 1240 factis
1024 1176 1198 1259 conposuit

187 1283 225 1326 ac
253 1284 287 1326 se
311 1262 377 1326 suis
402 1262 527 1327 artibus
551 1262 707 1347 temptari
730 1263 976 1346 animadvortit,
1000 1263 1120 1346 quippe
1143 1264 1198 1329 cui

187 1349 293 1413 verbis
321 1372 385 1432 pax
411 1350 638 1435 nuntiabatur,
668 1354 811 1415 ceterum
836 1372 871 1415 re
899 1351 1022 1415 bellum
1049 1373 1199 1435 asperru-

80 1516 96 1526 ‚
187 1459 277 1500 mum
301 1441 384 1521 erat,
406 1438 485 1503 urbs
508 1461 660 1503 maxuma
682 1438 839 1522 alienata,
866 1459 944 1524 ager
969 1438 1121 1504 hostibus
1145 1462 1198 1505 co·

188 1525 308 1610 gnitus,
331 1525 431 1589 animi
454 1527 660 1611 popularium
682 1526 844 1611 temptati,
868 1529 999 1592 coactus
1017 1548 1127 1591 rerum
1143 1550 1199 1592 ne-

151 1613 383 1678 scessitudine
415 1615 534 1680 statuit
566 1615 664 1679 armis
702 1619 835 1680 certare.
888 1615 991 1700 igitur
1027 1616 1197 1699 explorato

187 1701 332 1766 hostium
355 1701 481 1785 itinere,
503 1701 538 1765 in
560 1724 652 1785 spem
670 1703 826 1768 victoriae
844 1702 1001 1768 adductus
1023 1724 1061 1768 ex
1080 1724 1198 1788 oppor-

187 1789 329 1851 tunitate
356 1788 434 1872 loci,
463 1810 560 1872 quam
587 1811 755 1855 maxumas
782 1794 893 1874 potest
918 1790 1027 1874 copias
1051 1791 1198 1856 omniurn

68 1878 72 1887 “
188 1896 342 1959 generum
373 1880 468 1959 parat
500 1898 537 1942 ac
567 1898 627 1961 per
658 1879 807 1944 tramites
840 1879 985 1944 occultos
1018 1879 1199 1944 exercitum

187 1961 313 2027 Metelli
336 1964 510 2030 antevenit.

152 2067 169 2114 3
253 2051 337 2116 Erat
359 2052 395 2116 in
417 2074 454 2117 ea
476 2056 569 2138 parte
588 2053 771 2136 Numidiae,
794 2075 892 2137 quam
911 2054 1077 2119 Adherbal
1097 2054 1134 2120 in
1152 2056 1199 2120 di·

187 2139 311 2205 visione
338 2141 540 2225 possederat,
571 2141 692 2205 flumen
719 2142 825 2206 oriens
856 2163 875 2204 a
901 2143 1035 2207 meridie
1063 2144 1198 2209 nominc

186 2225 332 2311 Muthul,
355 2251 374 2292 a
398 2250 461 2312 quo
485 2230 598 2293 aberat
620 2250 713 2294 mons
735 2228 836 2294 ferme
859 2229 952 2294 milia
973 2252 1129 2314 passuum
1152 2233 1198 2296 vi·

187 2316 272 2400 ginti
300 2319 408 2379 tractu
430 2317 511 2401 pari,
535 2321 648 2381 vastus
672 2318 712 2381 ab
734 2321 853 2382 natura
875 2321 908 2381 et
930 2316 1073 2382 humano
1097 2319 1198 2384 cultu.

187 2402 244 2466 sed
267 2424 306 2465 ex
329 2423 367 2466 eo
390 2404 495 2468 medio
520 2404 613 2486 quasi
636 2404 729 2468 collis
753 2404 932 2489 oriebatur,
954 2407 990 2471 in
1012 2407 1198 2472 inmensum

186 2489 389 2574 pertingens,
416 2491 554 2556 vestitus
583 2491 724 2556 oleastro
749 2514 786 2558 ac
808 2494 959 2558 murtetis
984 2495 1120 2578 aliisque
1144 2516 1198 2581 ge-

186 2577 318 2642 neribus
351 2579 517 2664 arborum,
550 2600 631 2662 quae
662 2579 754 2644 humi
786 2581 876 2645 arido
909 2585 1007 2666 atqua
1034 2583 1198 2649 harenoso

151 2666 375 2751 lgignuntur.
429 2667 535 2733 media
571 2671 680 2732 autern
711 2669 864 2753 planities
896 2669 1025 2734 deserta
1060 2672 1198 2753 penuria

187 2775 289 2838 aquae
317 2759 448 2838 praeter
463 2755 598 2821 ‘flumini
620 2757 803 2841 propinqua
823 2757 909 2841 loca,
937 2779 976 2822 ea
999 2759 1124 2822 consita
1147 2781 1197 2824 ar·

186 2842 292 2906 bustis
314 2865 430 2927 pecore
454 2848 551 2928 atque
575 2845 753 2909 cultoribus
776 2845 1075 2928 frequentabantur.

132 2927 176 2992 49
253 2929 360 3013 Igitur
387 2932 421 2994 in
448 2953 485 2996 eo
515 2932 609 3017 colle,
638 2954 734 3015 quem
761 2936 949 2998 transvorso
977 2935 1093 2999 itinere
1121 2956 1196 3018 por-

186 3021 313 3081 rectum
344 3018 524 3103 docuimus,
555 3018 716 3103 Iugurtha
752 3024 926 3086 extenuata
957 3043 1090 3086 suorum
1126 3024 1195 3088 acie

187 3104 341 3170 consedit.
374 3106 555 3190 elephantis
574 3111 607 3172 et
625 3109 712 3192 parti
731 3109 898 3192 copiarum
915 3110 1115 3194 pedestrium
1132 3109 1196 3175 Bo·

186 3193 353 3258 milcarem
379 3193 536 3278 praefecit
559 3216 696 3281 eumque
719 3197 830 3262 edocet
854 3218 935 3280 quae
959 3202 1079 3283 ageret.
1123 3199 1195 3281 ipse

185 3282 319 3365 propior
347 3287 492 3347 montem
519 3305 593 3349 cum
616 3285 705 3349 omni
728 3285 876 3368 equitatu
899 3288 933 3349 et
955 3285 1120 3370 peditibus
1144 3286 1196 3351 de-

151 3368 280 3434 clectis
308 3392 384 3436 suos
413 3371 570 3437 conlocat.
616 3372 689 3437 dein
717 3373 862 3457 singulas
888 3376 1013 3438 turmas
1039 3376 1072 3437 et
1094 3375 1195 3438 mani-

186 3457 281 3541 pulos
301 3459 490 3524 circumiens
510 3464 621 3525 mouet
640 3463 738 3544 atque
757 3461 951 3546 obtestatur,
968 3461 1019 3526 uti
1033 3483 1195 3527 memores

184 3544 343 3628 pristinae
371 3547 503 3612 virtutis
531 3552 565 3612 et
591 3548 746 3614 victoriae
775 3570 844 3614 sesa
871 3569 1071 3636 regnumque
1099 3572 1196 3615 suum
