2542 4192
182 244 242 308 20-
397 208 399 211 ’
512 242 540 298 o.
560 242 731 305 smnusm
749 241 861 296 cursor

180 389 303 454 tionem
331 409 371 452 ex
398 387 489 452 nulla
517 387 715 452 conscientia
741 387 780 451 de
808 389 903 470 culpa
930 410 1110 471 proponere
1138 390 1193 454 de-

146 495 162 542 a
182 477 277 559 crevi,
300 497 397 558 quam
420 497 471 539 me
486 475 557 539 dius
572 476 667 540 fidius
690 497 800 540 veram
822 475 900 540 licet
924 496 1110 560 cognoscas.
1143 477 1192 541 in-

180 564 273 628 iuriis
297 564 566 647 contumeliisque
594 562 789 646 concitatus,
817 564 903 646 quod
928 563 1038 628 fructu
1066 565 1190 630 laboris

180 651 422 734 industriaeque
454 673 543 715 meae
575 652 722 735 privatus
760 655 883 715 statum
920 652 1092 736 dignitatis
1123 675 1192 717 non

182 740 377 823 optinebam,
399 739 564 822 publicam
582 740 776 803 miserorum
798 761 930 803 causam
951 761 1098 822 promea
1117 763 1191 805 con·

181 828 350 892 suetudine
379 827 519 910 suscepi,
547 839 629 892 non‘
645 827 701 909 qui
730 849 783 890 aes
808 827 948 891 alienum
975 828 1056 892 meis
1087 829 1191 893 nomi-

180 916 276 980 nibus
296 938 335 980 ex
353 915 613 998 possessionibus
633 915 757 979 solvere
775 936 842 978 non
858 937 989 998 possem
1008 913 1055 1000 (et
1075 916 1190 981 alienis

180 1004 366 1068 nominibus
396 1003 576 1067 liberalitas
605 1002 778 1067 Orestillae
809 1002 876 1066 suis
908 1003 1057 1085 filiaeque
1086 1005 1190 1086 copiis

180 1088 407 1176 persolveret),
440 1092 494 1154 sed
526 1091 612 1173 quod
643 1112 710 1155 non
742 1091 857 1174 dignos
885 1091 1033 1155 homines
1065 1092 1189 1156 honore

179 1179 371 1244 honestatos
394 1179 544 1243 videbam
566 1200 681 1261 meque
705 1178 787 1242 falsa
809 1179 991 1261 suspicione
1011 1178 1190 1244 alienatum

146 1282 163 1329 4
182 1289 252 1331 esse
277 1267 465 1332 sentiebam.
510 1267 573 1331 hoc
595 1266 725 1331 nomine
749 1267 831 1331 satis
853 1268 1009 1331 honestas
1032 1290 1101 1350 pro,
1115 1290 1189 1333 meo

182 1377 259 1419 casu
291 1377 364 1438 spes
397 1354 539 1437 reliquae
572 1355 743 1440 dignitatis
777 1355 1011 1419 conservandae
1040 1377 1110 1419 sum
1142 1378 1190 1419 se-

147 1447 285 1507 ocutus.
317 1444 412 1526 plura
435 1465 508 1507 cunr
532 1444 673 1508 scribere
697 1444 822 1526 vellem,
844 1444 1031 1508 nuntiatum
1054 1447 1104 1508 est
1121 1443 1190 1508 vim

147 1547 162 1595 6
182 1531 263 1594 mihi
280 1531 397 1614 parari.
429 1553 515 1595 nunc
530 1531 720 1596 Orestillam
740 1533 927 1596 commendo
950 1535 1091 1614 tuaeque
1114 1532 1190 1595 fidei

162 1621 289 1704 trado,
321 1642 393 1683 eam
420 1621 461 1683 ab
489 1619 608 1682 iniuria
634 1618 785 1682 defendas
812 1641 871 1702 per
894 1618 1014 1682 liberos
1043 1624 1117 1684 tuos
1140 1642 1189 1684 ro·

182 1711 287 1791 gatus.
332 1705 470 1769 bareto?

83 1869 85 1874 ἲ
128 1795 171 1858 36
249 1792 311 1857 Sed
338 1792 407 1874 ipse
434 1812 554 1874 paucos
578 1793 646 1855 dies
670 1795 877 1855 conmoratus
905 1792 990 1874 apud
1013 1792 1047 1857 Ο.
1071 1793 1191 1858 Flami*

180 1881 271 1945 nium
294 1880 329 1943 in
351 1899 431 1964 agro
454 1878 622 1963 Arretino,
650 1880 726 1943 dum
753 1878 955 1943 vicinitatem
984 1884 1080 1943 antea
1103 1883 1192 1943 solli-

182 1969 317 2032 citatam
340 1967 439 2031 armis
463 1971 612 2050 exornat,
641 1989 714 2032 cum
737 1966 879 2030 fascibus
908 1971 1005 2050 atque
1034 1967 1108 2031 aliis
1131 1968 1191 2031 im-

147 2056 251 2139 aperi
273 2055 456 2141 insignibus
480 2055 514 2118 in
540 2059 649 2119 castra
668 2056 709 2119 ad
722 2053 882 2118 Manlium
901 2055 1076 2119 contendit.
1108 2056 1190 2121 haec

180 2145 238 2209 ubi
256 2143 380 2208 Romae
404 2148 561 2227 conperta
584 2148 673 2227 sunt,
704 2147 835 2207 senatus
855 2141 1030 2207 Catilinam
1049 2147 1083 2206 et
1101 2142 1191 2208 Man·

181 2234 263 2296 lium
289 2233 396 2297 hostis
418 2232 558 2314 iudicat,
582 2237 706 2297 ceterae
729 2231 932 2295 multitudini
955 2231 1040 2294 diem
1064 2232 1190 2314 statuit,

183 2324 257 2384 ante
295 2341 392 2403 quam
429 2321 497 2382 sine
528 2319 640 2384 fraude
677 2321 789 2384 liceret
822 2319 862 2382 ab
896 2320 994 2382 armis
1027 2319 1189 2383 discedere

147 2411 310 2491 epraeter
332 2429 441 2470 rerum
464 2406 654 2488 capitalium
678 2406 907 2471 condemnatis.
948 2411 1118 2490 praeterea
1140 2408 1190 2471 de-

183 2495 298 2577 cernit,
325 2494 375 2557 uti
399 2493 546 2558 consules
570 2495 724 2559 dilectum
746 2494 901 2574 habeant,
928 2493 1092 2559 Antonius
1116 2517 1190 2558 cum

183 2582 325 2647 exercitu
340 2581 515 2646 Catilinam
533 2581 684 2668 persequi
703 2586 853 2667 maturet,
877 2580 990 2647 Cicero
1008 2584 1082 2647 urbi
1100 2604 1190 2666 prae-

184 2672 265 2735 sidio
292 2671 344 2735 sit.

147 2776 164 2823 4
249 2759 299 2824 Ea
313 2763 507 2843 tempestate
523 2759 604 2824 mihi
618 2759 791 2841 imperium
804 2757 917 2841 populi
931 2759 1072 2823 Romani
1085 2759 1188 2823 multo

183 2870 332 2913 maxume
362 2847 547 2912 miserabile
570 2848 676 2911 visum
700 2852 758 2910 est.
804 2846 952 2911 cuicum
976 2847 1016 2910 ad
1039 2868 1190 2911 occasum

184 2935 223 3000 ab
244 2938 318 2998 ortu
333 2935 411 2999 solis
426 2935 535 2999 omnia
549 2934 673 2998 domita
687 2934 786 2998 armis
804 2939 964 3018 parerent,
983 2934 1070 2997 domi
1085 2934 1190 2997 otium

184 3028 281 3106 atque
300 3022 441 3105 divitiae,
461 3043 542 3104 quae
561 3022 667 3104 prima
685 3023 840 3086 mortales
856 3026 984 3105 putant,
1003 3022 1189 3105 adfluerent,

182 3111 272 3175 fuere
295 3114 406 3173 tamen
429 3110 524 3191 cives,
547 3109 603 3192 qui
627 3132 724 3194 seque
748 3131 880 3192 remque
903 3109 1068 3192 publicam
1091 3110 1189 3193 opsti-

148 3199 270 3265 5natis
298 3199 414 3262 animis
442 3197 605 3282 perditum
627 3199 721 3262 irent.
765 3219 904 3280 namque
931 3198 1056 3261 duobus
1085 3197 1190 3261 senati

183 3287 321 3353 decretis
345 3309 384 3350 ex
406 3290 501 3350 tanta
523 3285 731 3349 multitudine
753 3307 857 3367 neque
875 3285 1020 3368 praemio
1039 3285 1190 3349 inductus

185 3375 440 3440 coniurationem
467 3374 665 3457 patefecerat
692 3395 795 3457 neque
823 3395 863 3436 cx
890 3373 1006 3437 castris
1031 3371 1190 3437 Catilinae

185 3465 357 3547 quisquam
380 3463 525 3528 omniurn
547 3463 755 3526 discesserat:
779 3464 873 3524 tanta
894 3461 944 3525 vis
967 3461 1074 3525 morbi
1093 3466 1191 3544 atque

131 3552 172 3616 37
183 3552 233 3615 uti
261 3551 352 3615 tabes
375 3552 547 3633 plerosque
576 3549 695 3614 civium
718 3548 843 3613 animos
871 3549 1042 3614 invaserat.
1087 3571 1191 3634 neque
