<?xml version="1.0" encoding="UTF-8"?>
<!DOCTYPE html PUBLIC "-//W3C//DTD XHTML 1.0 Transitional//EN"
    "http://www.w3.org/TR/xhtml1/DTD/xhtml1-transitional.dtd">
<html xmlns="http://www.w3.org/1999/xhtml" xml:lang="en" lang="en">
 <head>
  <title>
</title>
<meta http-equiv="Content-Type" content="text/html;charset=utf-8" />
  <meta name='ocr-system' content='tesseract 3.04.00' />
  <meta name='ocr-capabilities' content='ocr_page ocr_carea ocr_par ocr_line ocrx_word'/>
</head>
<body>
  <div class='ocr_page' id='page_1' title='image "./catilinajugurth00sallgoog_0118.png"; bbox 0 0 2542 4192; ppageno 0'>
   <div class='ocr_carea' id='block_1_1' title="bbox 317 292 1114 365">
    <p class='ocr_par' dir='ltr' id='par_1_1' title="bbox 317 292 1114 365">
     <span class='ocr_line' id='line_1_1' title="bbox 317 292 1114 365; baseline 0.011 -18"><span class='ocrx_word' id='word_1_1' title='bbox 317 292 465 350; x_wconf 81' lang='lat' dir='ltr'>BELLUM</span> <span class='ocrx_word' id='word_1_2' title='bbox 482 293 741 352; x_wconf 80' lang='lat' dir='ltr'>IUGURTHINUM</span> <span class='ocrx_word' id='word_1_3' title='bbox 759 314 783 352; x_wconf 88' lang='lat' dir='ltr'>c.</span> <span class='ocrx_word' id='word_1_4' title='bbox 798 303 912 354; x_wconf 82' lang='grc'><strong>64-67.</strong></span> <span class='ocrx_word' id='word_1_5' title='bbox 1072 301 1114 365; x_wconf 89' lang='grc'>89</span> 
     </span>
    </p>
   </div>
   <div class='ocr_carea' id='block_1_2' title="bbox 103 435 1165 3689">
    <p class='ocr_par' dir='ltr' id='par_1_2' title="bbox 103 435 1165 3689">
     <span class='ocr_line' id='line_1_2' title="bbox 104 435 1115 526; baseline 0.007 -24"><span class='ocrx_word' id='word_1_6' title='bbox 104 459 182 503; x_wconf 91' lang='lat' dir='ltr'>suos</span> <span class='ocrx_word' id='word_1_7' title='bbox 205 435 309 522; x_wconf 87' lang='lat' dir='ltr'>locos,</span> <span class='ocrx_word' id='word_1_8' title='bbox 337 460 427 504; x_wconf 88' lang='lat' dir='ltr'>arma</span> <span class='ocrx_word' id='word_1_9' title='bbox 449 440 516 504; x_wconf 85' lang='lat' dir='ltr'>tela</span> <span class='ocrx_word' id='word_1_10' title='bbox 539 440 679 524; x_wconf 89' lang='lat' dir='ltr'>aliaque,</span> <span class='ocrx_word' id='word_1_11' title='bbox 703 463 784 525; x_wconf 91' lang='lat' dir='ltr'>quae</span> <span class='ocrx_word' id='word_1_12' title='bbox 808 463 865 525; x_wconf 89' lang='lat' dir='ltr'>spe</span> <span class='ocrx_word' id='word_1_13' title='bbox 887 443 978 526; x_wconf 89' lang='lat' dir='ltr'>pacis</span> <span class='ocrx_word' id='word_1_14' title='bbox 1002 445 1115 509; x_wconf 89' lang='lat' dir='ltr'>amise-</span> 
     </span>
     <span class='ocr_line' id='line_1_3' title="bbox 104 526 1115 613; baseline 0.008 -23"><span class='ocrx_word' id='word_1_15' title='bbox 104 530 167 610; x_wconf 91' lang='lat' dir='ltr'>rat,</span> <span class='ocrx_word' id='word_1_16' title='bbox 189 526 320 592; x_wconf 89' lang='lat' dir='ltr'>reficere</span> <span class='ocrx_word' id='word_1_17' title='bbox 344 531 402 591; x_wconf 93' lang='lat' dir='ltr'>aut</span> <span class='ocrx_word' id='word_1_18' title='bbox 425 529 636 613; x_wconf 82' lang='lat' dir='ltr'>conmercari3</span> <span class='ocrx_word' id='word_1_19' title='bbox 662 529 795 593; x_wconf 86' lang='lat' dir='ltr'>servitia</span> <span class='ocrx_word' id='word_1_20' title='bbox 818 529 1039 597; x_wconf 90' lang='lat' dir='ltr'>Romanorum</span> <span class='ocrx_word' id='word_1_21' title='bbox 1063 533 1115 597; x_wconf 93' lang='lat' dir='ltr'>ad-</span> 
     </span>
     <span class='ocr_line' id='line_1_4' title="bbox 103 615 1115 704; baseline 0.006 -24"><span class='ocrx_word' id='word_1_22' title='bbox 103 615 203 680; x_wconf 79' lang='lat' dir='ltr'>licere</span> <span class='ocrx_word' id='word_1_23' title='bbox 230 618 264 678; x_wconf 93' lang='lat' dir='ltr'>et</span> <span class='ocrx_word' id='word_1_24' title='bbox 291 637 346 681; x_wconf 93' lang='lat' dir='ltr'>eos</span> <span class='ocrx_word' id='word_1_25' title='bbox 369 615 473 700; x_wconf 89' lang='lat' dir='ltr'>ipsos,</span> <span class='ocrx_word' id='word_1_26' title='bbox 506 616 623 699; x_wconf 90' lang='lat' dir='ltr'>quiin</span> <span class='ocrx_word' id='word_1_27' title='bbox 649 617 819 700; x_wconf 81' lang='lat' dir='ltr'>praesidiis</span> <span class='ocrx_word' id='word_1_28' title='bbox 846 624 953 702; x_wconf 87' lang='lat' dir='ltr'>erant,</span> <span class='ocrx_word' id='word_1_29' title='bbox 979 621 1115 704; x_wconf 90' lang='lat' dir='ltr'>pecunia</span> 
     </span>
     <span class='ocr_line' id='line_1_5' title="bbox 104 704 1115 793; baseline 0.006 -26"><span class='ocrx_word' id='word_1_30' title='bbox 104 706 282 786; x_wconf 88' lang='lat' dir='ltr'>temptare:</span> <span class='ocrx_word' id='word_1_31' title='bbox 302 725 437 787; x_wconf 89' lang='lat' dir='ltr'>prorsus</span> <span class='ocrx_word' id='word_1_32' title='bbox 459 704 542 768; x_wconf 89' lang='lat' dir='ltr'>nihil</span> <span class='ocrx_word' id='word_1_33' title='bbox 565 704 727 770; x_wconf 88' lang='lat' dir='ltr'>intactum</span> <span class='ocrx_word' id='word_1_34' title='bbox 743 727 848 789; x_wconf 91' lang='lat' dir='ltr'>neque</span> <span class='ocrx_word' id='word_1_35' title='bbox 867 707 1013 790; x_wconf 92' lang='lat' dir='ltr'>quietum</span> <span class='ocrx_word' id='word_1_36' title='bbox 1036 710 1115 793; x_wconf 91' lang='lat' dir='ltr'>pati,</span> 
     </span>
     <span class='ocr_line' id='line_1_6' title="bbox 105 791 1148 878; baseline 0.006 -22"><span class='ocrx_word' id='word_1_37' title='bbox 105 794 224 856; x_wconf 89' lang='lat' dir='ltr'>cuncta</span> <span class='ocrx_word' id='word_1_38' title='bbox 246 791 380 876; x_wconf 83' lang='lat' dir='ltr'>agitare.</span> <span class='ocrx_word' id='word_1_39' title='bbox 425 792 527 877; x_wconf 85' lang='lat' dir='ltr'>igitur</span> <span class='ocrx_word' id='word_1_40' title='bbox 550 791 731 878; x_wconf 84' lang='lat' dir='ltr'>Vagenses,</span> <span class='ocrx_word' id='word_1_41' title='bbox 755 815 819 877; x_wconf 92' lang='lat' dir='ltr'>quo</span> <span class='ocrx_word' id='word_1_42' title='bbox 842 793 994 860; x_wconf 78' lang='lat' dir='ltr'>Metellus</span> <span class='ocrx_word' id='word_1_43' title='bbox 1018 797 1113 862; x_wconf 91' lang='lat' dir='ltr'>initio</span> <span class='ocrx_word' id='word_1_44' title='bbox 1132 814 1148 862; x_wconf 74' lang='lat' dir='ltr'>a</span> 
     </span>
     <span class='ocr_line' id='line_1_7' title="bbox 104 879 1114 971; baseline 0.005 -28"><span class='ocrx_word' id='word_1_45' title='bbox 104 879 268 965; x_wconf 78' lang='lat' dir='ltr'>Iugurtha</span> <span class='ocrx_word' id='word_1_46' title='bbox 297 880 489 963; x_wconf 87' lang='lat' dir='ltr'>pacificante</span> <span class='ocrx_word' id='word_1_47' title='bbox 521 881 717 965; x_wconf 82' lang='lat' dir='ltr'>praesidium</span> <span class='ocrx_word' id='word_1_48' title='bbox 748 882 951 968; x_wconf 77' lang='lat' dir='ltr'>inposuerat,</span> <span class='ocrx_word' id='word_1_49' title='bbox 982 883 1114 971; x_wconf 81' lang='lat' dir='ltr'>fatigati</span> 
     </span>
     <span class='ocr_line' id='line_1_8' title="bbox 105 967 1114 1056; baseline 0.006 -25"><span class='ocrx_word' id='word_1_50' title='bbox 105 967 193 1052; x_wconf 82' lang='lat' dir='ltr'>regis</span> <span class='ocrx_word' id='word_1_51' title='bbox 217 967 385 1051; x_wconf 77' lang='lat' dir='ltr'>suppliciis</span> <span class='ocrx_word' id='word_1_52' title='bbox 414 990 519 1053; x_wconf 90' lang='lat' dir='ltr'>neque</span> <span class='ocrx_word' id='word_1_53' title='bbox 546 973 642 1033; x_wconf 92' lang='lat' dir='ltr'>antea</span> <span class='ocrx_word' id='word_1_54' title='bbox 663 969 832 1034; x_wconf 87' lang='lat' dir='ltr'>voluntate</span> <span class='ocrx_word' id='word_1_55' title='bbox 856 970 1002 1055; x_wconf 89' lang='lat' dir='ltr'>alienati,</span> <span class='ocrx_word' id='word_1_56' title='bbox 1029 974 1114 1056; x_wconf 90' lang='lat' dir='ltr'>prin-</span> 
     </span>
     <span class='ocr_line' id='line_1_9' title="bbox 106 1055 1115 1145; baseline 0.007 -26"><span class='ocrx_word' id='word_1_57' title='bbox 106 1055 194 1139; x_wconf 86' lang='lat' dir='ltr'>cipes</span> <span class='ocrx_word' id='word_1_58' title='bbox 222 1055 366 1120; x_wconf 85' lang='lat' dir='ltr'>civitatis</span> <span class='ocrx_word' id='word_1_59' title='bbox 393 1056 479 1120; x_wconf 89' lang='lat' dir='ltr'>inter</span> <span class='ocrx_word' id='word_1_60' title='bbox 507 1078 541 1121; x_wconf 92' lang='lat' dir='ltr'>se</span> <span class='ocrx_word' id='word_1_61' title='bbox 569 1058 749 1123; x_wconf 87' lang='lat' dir='ltr'>coniurant.</span> <span class='ocrx_word' id='word_1_62' title='bbox 796 1079 873 1122; x_wconf 90' lang='lat' dir='ltr'>nam</span> <span class='ocrx_word' id='word_1_63' title='bbox 904 1060 1033 1145; x_wconf 85' lang='lat' dir='ltr'>volgus,</span> <span class='ocrx_word' id='word_1_64' title='bbox 1064 1063 1115 1126; x_wconf 92' lang='lat' dir='ltr'>uti</span> 
     </span>
     <span class='ocr_line' id='line_1_10' title="bbox 105 1142 1115 1233; baseline 0.008 -27"><span class='ocrx_word' id='word_1_65' title='bbox 105 1142 295 1227; x_wconf 89' lang='lat' dir='ltr'>plerumque</span> <span class='ocrx_word' id='word_1_66' title='bbox 319 1143 404 1208; x_wconf 88' lang='lat' dir='ltr'>solet</span> <span class='ocrx_word' id='word_1_67' title='bbox 427 1148 460 1208; x_wconf 91' lang='lat' dir='ltr'>et</span> <span class='ocrx_word' id='word_1_68' title='bbox 483 1166 631 1209; x_wconf 83' lang='lat' dir='ltr'>maxume</span> <span class='ocrx_word' id='word_1_69' title='bbox 645 1143 870 1231; x_wconf 88' lang='lat' dir='ltr'>Numidarum,</span> <span class='ocrx_word' id='word_1_70' title='bbox 893 1147 1024 1233; x_wconf 83' lang='lat' dir='ltr'>ingenio</span> <span class='ocrx_word' id='word_1_71' title='bbox 1049 1171 1115 1214; x_wconf 90' lang='lat' dir='ltr'>mo-</span> 
     </span>
     <span class='ocr_line' id='line_1_11' title="bbox 106 1231 1115 1320; baseline 0.007 -26"><span class='ocrx_word' id='word_1_72' title='bbox 106 1231 175 1314; x_wconf 83' lang='lat' dir='ltr'>bili,</span> <span class='ocrx_word' id='word_1_73' title='bbox 198 1231 389 1296; x_wconf 90' lang='lat' dir='ltr'>seditiosum</span> <span class='ocrx_word' id='word_1_74' title='bbox 412 1236 509 1315; x_wconf 90' lang='lat' dir='ltr'>atque</span> <span class='ocrx_word' id='word_1_75' title='bbox 532 1233 768 1298; x_wconf 85' lang='lat' dir='ltr'>discordiosum</span> <span class='ocrx_word' id='word_1_76' title='bbox 787 1239 866 1318; x_wconf 88' lang='lat' dir='ltr'>erat,</span> <span class='ocrx_word' id='word_1_77' title='bbox 889 1235 1042 1320; x_wconf 91' lang='lat' dir='ltr'>cupidum</span> <span class='ocrx_word' id='word_1_78' title='bbox 1058 1258 1115 1301; x_wconf 90' lang='lat' dir='ltr'>no·</span> 
     </span>
     <span class='ocr_line' id='line_1_12' title="bbox 105 1320 1115 1409; baseline 0.008 -27"><span class='ocrx_word' id='word_1_79' title='bbox 105 1341 220 1382; x_wconf 84' lang='lat' dir='ltr'>varum</span> <span class='ocrx_word' id='word_1_80' title='bbox 242 1340 366 1403; x_wconf 91' lang='lat' dir='ltr'>rerum,</span> <span class='ocrx_word' id='word_1_81' title='bbox 394 1320 498 1402; x_wconf 89' lang='lat' dir='ltr'>quieti</span> <span class='ocrx_word' id='word_1_82' title='bbox 521 1324 554 1385; x_wconf 92' lang='lat' dir='ltr'>et</span> <span class='ocrx_word' id='word_1_83' title='bbox 577 1321 646 1386; x_wconf 91' lang='lat' dir='ltr'>otio</span> <span class='ocrx_word' id='word_1_84' title='bbox 670 1322 849 1388; x_wconf 87' lang='lat' dir='ltr'>advorsum.</span> <span class='ocrx_word' id='word_1_85' title='bbox 896 1323 970 1388; x_wconf 91' lang='lat' dir='ltr'>dein</span> <span class='ocrx_word' id='word_1_86' title='bbox 1000 1346 1115 1409; x_wconf 92' lang='lat' dir='ltr'>conpo-</span> 
     </span>
     <span class='ocr_line' id='line_1_13' title="bbox 106 1407 1115 1495; baseline 0.006 -24"><span class='ocrx_word' id='word_1_87' title='bbox 106 1407 180 1471; x_wconf 93' lang='lat' dir='ltr'>sitis</span> <span class='ocrx_word' id='word_1_88' title='bbox 202 1407 289 1471; x_wconf 89' lang='lat' dir='ltr'>inter</span> <span class='ocrx_word' id='word_1_89' title='bbox 312 1429 346 1472; x_wconf 91' lang='lat' dir='ltr'>se</span> <span class='ocrx_word' id='word_1_90' title='bbox 364 1408 461 1472; x_wconf 89' lang='lat' dir='ltr'>rebus</span> <span class='ocrx_word' id='word_1_91' title='bbox 482 1408 517 1472; x_wconf 94' lang='lat' dir='ltr'>in</span> <span class='ocrx_word' id='word_1_92' title='bbox 535 1409 620 1473; x_wconf 89' lang='lat' dir='ltr'>diem</span> <span class='ocrx_word' id='word_1_93' title='bbox 639 1408 774 1473; x_wconf 89' lang='lat' dir='ltr'>tertium</span> <span class='ocrx_word' id='word_1_94' title='bbox 793 1411 1006 1495; x_wconf 89' lang='lat' dir='ltr'>constituunt,</span> <span class='ocrx_word' id='word_1_95' title='bbox 1029 1414 1115 1495; x_wconf 93' lang='lat' dir='ltr'>quod</span> 
     </span>
     <span class='ocr_line' id='line_1_14' title="bbox 105 1494 1115 1582; baseline 0.007 -24"><span class='ocrx_word' id='word_1_96' title='bbox 105 1495 135 1558; x_wconf 92' lang='lat' dir='ltr'>is</span> <span class='ocrx_word' id='word_1_97' title='bbox 158 1494 262 1560; x_wconf 90' lang='lat' dir='ltr'>festus</span> <span class='ocrx_word' id='word_1_98' title='bbox 286 1495 531 1579; x_wconf 90' lang='lat' dir='ltr'>celebratusque</span> <span class='ocrx_word' id='word_1_99' title='bbox 554 1518 612 1582; x_wconf 92' lang='lat' dir='ltr'>per</span> <span class='ocrx_word' id='word_1_100' title='bbox 635 1518 763 1561; x_wconf 89' lang='lat' dir='ltr'>omnem</span> <span class='ocrx_word' id='word_1_101' title='bbox 777 1495 924 1563; x_wconf 82' lang='lat' dir='ltr'>Africam</span> <span class='ocrx_word' id='word_1_102' title='bbox 946 1500 1058 1564; x_wconf 91' lang='lat' dir='ltr'>ludum</span> <span class='ocrx_word' id='word_1_103' title='bbox 1082 1506 1115 1565; x_wconf 91' lang='lat' dir='ltr'>et</span> 
     </span>
     <span class='ocr_line' id='line_1_15' title="bbox 105 1582 1149 1669; baseline 0.004 -23"><span class='ocrx_word' id='word_1_104' title='bbox 105 1582 274 1647; x_wconf 88' lang='lat' dir='ltr'>lasciviam</span> <span class='ocrx_word' id='word_1_105' title='bbox 307 1584 412 1669; x_wconf 85' lang='lat' dir='ltr'>magis</span> <span class='ocrx_word' id='word_1_106' title='bbox 446 1605 544 1668; x_wconf 91' lang='lat' dir='ltr'>quam</span> <span class='ocrx_word' id='word_1_107' title='bbox 575 1584 782 1650; x_wconf 88' lang='lat' dir='ltr'>formidinem</span> <span class='ocrx_word' id='word_1_108' title='bbox 816 1587 1013 1650; x_wconf 89' lang='lat' dir='ltr'>ostentabat.</span> <span class='ocrx_word' id='word_1_109' title='bbox 1059 1589 1149 1652; x_wconf 81' lang='lat' dir='ltr'>sede</span> 
     </span>
     <span class='ocr_line' id='line_1_16' title="bbox 105 1670 1114 1758; baseline 0.005 -24"><span class='ocrx_word' id='word_1_110' title='bbox 105 1670 164 1734; x_wconf 89' lang='lat' dir='ltr'>ubi</span> <span class='ocrx_word' id='word_1_111' title='bbox 186 1674 315 1755; x_wconf 90' lang='lat' dir='ltr'>tempus</span> <span class='ocrx_word' id='word_1_112' title='bbox 338 1671 414 1756; x_wconf 88' lang='lat' dir='ltr'>fuit,</span> <span class='ocrx_word' id='word_1_113' title='bbox 443 1673 646 1737; x_wconf 88' lang='lat' dir='ltr'>centuriones</span> <span class='ocrx_word' id='word_1_114' title='bbox 669 1672 882 1758; x_wconf 85' lang='lat' dir='ltr'>tribunosque</span> <span class='ocrx_word' id='word_1_115' title='bbox 906 1674 1057 1739; x_wconf 89' lang='lat' dir='ltr'>militaris</span> <span class='ocrx_word' id='word_1_116' title='bbox 1081 1680 1114 1740; x_wconf 92' lang='lat' dir='ltr'>et</span> 
     </span>
     <span class='ocr_line' id='line_1_17' title="bbox 105 1759 626 1912; baseline 0.006 -2"><span class='ocrx_word' id='word_1_117' title='bbox 105 1759 214 1910; x_wconf 50' lang='lat' dir='ltr'>sinn</span> <span class='ocrx_word' id='word_1_118' title='bbox 235 1759 626 1912; x_wconf 56' lang='lat' dir='ltr'>suessanae·</span> 
     </span>
     <span class='ocr_line' id='line_1_18' title="bbox 104 1873 1114 2024; baseline 0.007 -27"><span class='ocrx_word' id='word_1_119' title='bbox 104 1934 222 2018; x_wconf 92' lang='lat' dir='ltr'>pilium</span> <span class='ocrx_word' id='word_1_120' title='bbox 252 1935 339 1998; x_wconf 89' lang='lat' dir='ltr'>inter</span> <span class='ocrx_word' id='word_1_121' title='bbox 370 1935 482 2020; x_wconf 89' lang='lat' dir='ltr'>epulas</span> <span class='ocrx_word' id='word_1_122' title='bbox 515 1937 719 2002; x_wconf 82' lang='lat' dir='ltr'>obtnmcant.</span> <span class='ocrx_word' id='word_1_123' title='bbox 764 1873 1031 2022; x_wconf 73' lang='lat' dir='ltr'>posteapmilites</span> <span class='ocrx_word' id='word_1_124' title='bbox 1061 1963 1114 2024; x_wconf 93' lang='lat' dir='ltr'>pa-</span> 
     </span>
     <span class='ocr_line' id='line_1_19' title="bbox 106 2022 1114 2111; baseline 0.006 -26"><span class='ocrx_word' id='word_1_125' title='bbox 106 2022 206 2086; x_wconf 90' lang='lat' dir='ltr'>lantis</span> <span class='ocrx_word' id='word_1_126' title='bbox 238 2022 394 2106; x_wconf 89' lang='lat' dir='ltr'>inermos,</span> <span class='ocrx_word' id='word_1_127' title='bbox 426 2023 545 2108; x_wconf 92' lang='lat' dir='ltr'>quippe</span> <span class='ocrx_word' id='word_1_128' title='bbox 572 2024 608 2088; x_wconf 95' lang='lat' dir='ltr'>in</span> <span class='ocrx_word' id='word_1_129' title='bbox 638 2025 699 2090; x_wconf 90' lang='lat' dir='ltr'>tali</span> <span class='ocrx_word' id='word_1_130' title='bbox 727 2025 777 2088; x_wconf 92' lang='lat' dir='ltr'>die</span> <span class='ocrx_word' id='word_1_131' title='bbox 806 2047 844 2090; x_wconf 88' lang='lat' dir='ltr'>ac</span> <span class='ocrx_word' id='word_1_132' title='bbox 871 2026 940 2091; x_wconf 89' lang='lat' dir='ltr'>sine</span> <span class='ocrx_word' id='word_1_133' title='bbox 968 2028 1114 2111; x_wconf 90' lang='lat' dir='ltr'>imperio,</span> 
     </span>
     <span class='ocr_line' id='line_1_20' title="bbox 106 2110 1150 2195; baseline 0.005 -22"><span class='ocrx_word' id='word_1_134' title='bbox 106 2110 349 2195; x_wconf 81' lang='lat' dir='ltr'>aggrediuntur.</span> <span class='ocrx_word' id='word_1_135' title='bbox 381 2111 468 2176; x_wconf 89' lang='lat' dir='ltr'>idem</span> <span class='ocrx_word' id='word_1_136' title='bbox 490 2112 601 2195; x_wconf 89' lang='lat' dir='ltr'>plebes</span> <span class='ocrx_word' id='word_1_137' title='bbox 624 2112 713 2194; x_wconf 85' lang='lat' dir='ltr'>facit,</span> <span class='ocrx_word' id='word_1_138' title='bbox 735 2134 811 2195; x_wconf 91' lang='lat' dir='ltr'>pars</span> <span class='ocrx_word' id='word_1_139' title='bbox 835 2114 941 2177; x_wconf 88' lang='lat' dir='ltr'>edocti</span> <span class='ocrx_word' id='word_1_140' title='bbox 964 2115 1004 2177; x_wconf 90' lang='lat' dir='ltr'>ab</span> <span class='ocrx_word' id='word_1_141' title='bbox 1023 2115 1150 2178; x_wconf 82' lang='lat' dir='ltr'>nobi-4</span> 
     </span>
     <span class='ocr_line' id='line_1_21' title="bbox 105 2198 1114 2284; baseline 0.004 -23"><span class='ocrx_word' id='word_1_142' title='bbox 105 2198 200 2262; x_wconf 89' lang='lat' dir='ltr'>litate</span> <span class='ocrx_word' id='word_1_143' title='bbox 223 2198 280 2262; x_wconf 92' lang='lat' dir='ltr'>alii</span> <span class='ocrx_word' id='word_1_144' title='bbox 303 2199 410 2264; x_wconf 89' lang='lat' dir='ltr'>studio</span> <span class='ocrx_word' id='word_1_145' title='bbox 431 2200 546 2264; x_wconf 90' lang='lat' dir='ltr'>talium</span> <span class='ocrx_word' id='word_1_146' title='bbox 568 2221 677 2263; x_wconf 89' lang='lat' dir='ltr'>rerum</span> <span class='ocrx_word' id='word_1_147' title='bbox 698 2200 835 2284; x_wconf 90' lang='lat' dir='ltr'>incitati,</span> <span class='ocrx_word' id='word_1_148' title='bbox 859 2201 931 2282; x_wconf 92' lang='lat' dir='ltr'>quis</span> <span class='ocrx_word' id='word_1_149' title='bbox 951 2205 1024 2265; x_wconf 90' lang='lat' dir='ltr'>acta</span> <span class='ocrx_word' id='word_1_150' title='bbox 1042 2223 1114 2265; x_wconf 92' lang='lat' dir='ltr'>con-</span> 
     </span>
     <span class='ocr_line' id='line_1_22' title="bbox 107 2286 1113 2372; baseline 0.004 -23"><span class='ocrx_word' id='word_1_151' title='bbox 107 2286 280 2369; x_wconf 88' lang='lat' dir='ltr'>siliumque</span> <span class='ocrx_word' id='word_1_152' title='bbox 311 2287 538 2372; x_wconf 82' lang='lat' dir='ltr'>ignorantibus</span> <span class='ocrx_word' id='word_1_153' title='bbox 571 2287 730 2351; x_wconf 89' lang='lat' dir='ltr'>tumultus</span> <span class='ocrx_word' id='word_1_154' title='bbox 762 2287 832 2371; x_wconf 92' lang='lat' dir='ltr'>ipse</span> <span class='ocrx_word' id='word_1_155' title='bbox 865 2291 898 2351; x_wconf 92' lang='lat' dir='ltr'>et</span> <span class='ocrx_word' id='word_1_156' title='bbox 929 2309 980 2352; x_wconf 90' lang='lat' dir='ltr'>res</span> <span class='ocrx_word' id='word_1_157' title='bbox 1011 2310 1113 2353; x_wconf 87' lang='lat' dir='ltr'>novae</span> 
     </span>
     <span class='ocr_line' id='line_1_23' title="bbox 107 2374 1165 2459; baseline 0.004 -22"><span class='ocrx_word' id='word_1_158' title='bbox 107 2374 187 2438; x_wconf 92' lang='lat' dir='ltr'>satis</span> <span class='ocrx_word' id='word_1_159' title='bbox 210 2374 390 2457; x_wconf 85' lang='lat' dir='ltr'>placebant.</span> <span class='ocrx_word' id='word_1_160' title='bbox 435 2374 575 2440; x_wconf 86' lang='lat' dir='ltr'>Romani</span> <span class='ocrx_word' id='word_1_161' title='bbox 598 2374 733 2458; x_wconf 89' lang='lat' dir='ltr'>milites,</span> <span class='ocrx_word' id='word_1_162' title='bbox 759 2375 925 2459; x_wconf 84' lang='lat' dir='ltr'>inproviso</span> <span class='ocrx_word' id='word_1_163' title='bbox 954 2381 1045 2441; x_wconf 91' lang='lat' dir='ltr'>metu</span> <span class='ocrx_word' id='word_1_164' title='bbox 1067 2377 1165 2441; x_wconf 73' lang='lat' dir='ltr'>in-or</span> 
     </span>
     <span class='ocr_line' id='line_1_24' title="bbox 107 2461 1114 2549; baseline 0.003 -23"><span class='ocrx_word' id='word_1_165' title='bbox 107 2461 188 2526; x_wconf 89' lang='lat' dir='ltr'>certi</span> <span class='ocrx_word' id='word_1_166' title='bbox 215 2461 394 2547; x_wconf 82' lang='lat' dir='ltr'>ignarique,</span> <span class='ocrx_word' id='word_1_167' title='bbox 422 2463 499 2547; x_wconf 91' lang='lat' dir='ltr'>quid</span> <span class='ocrx_word' id='word_1_168' title='bbox 522 2462 740 2548; x_wconf 88' lang='lat' dir='ltr'>potissumum</span> <span class='ocrx_word' id='word_1_169' title='bbox 761 2463 920 2548; x_wconf 89' lang='lat' dir='ltr'>facerent,</span> <span class='ocrx_word' id='word_1_170' title='bbox 943 2465 1114 2549; x_wconf 89' lang='lat' dir='ltr'>trepidare.</span> 
     </span>
     <span class='ocr_line' id='line_1_25' title="bbox 106 2550 1115 2637; baseline 0.004 -24"><span class='ocrx_word' id='word_1_171' title='bbox 106 2571 179 2614; x_wconf 87' lang='lat' dir='ltr'>aree</span> <span class='ocrx_word' id='word_1_172' title='bbox 202 2550 323 2634; x_wconf 78' lang='lat' dir='ltr'>oppidi,</span> <span class='ocrx_word' id='word_1_173' title='bbox 345 2551 402 2615; x_wconf 93' lang='lat' dir='ltr'>ubi</span> <span class='ocrx_word' id='word_1_174' title='bbox 425 2552 520 2636; x_wconf 82' lang='lat' dir='ltr'>signa</span> <span class='ocrx_word' id='word_1_175' title='bbox 542 2554 575 2615; x_wconf 89' lang='lat' dir='ltr'>et</span> <span class='ocrx_word' id='word_1_176' title='bbox 599 2556 691 2617; x_wconf 89' lang='lat' dir='ltr'>scuta</span> <span class='ocrx_word' id='word_1_177' title='bbox 714 2556 816 2636; x_wconf 93' lang='lat' dir='ltr'>erant,</span> <span class='ocrx_word' id='word_1_178' title='bbox 840 2552 1037 2636; x_wconf 86' lang='lat' dir='ltr'>praesidium</span> <span class='ocrx_word' id='word_1_179' title='bbox 1059 2554 1115 2637; x_wconf 93' lang='lat' dir='ltr'>ho·</span> 
     </span>
     <span class='ocr_line' id='line_1_26' title="bbox 107 2637 1114 2724; baseline 0.003 -22"><span class='ocrx_word' id='word_1_180' title='bbox 107 2637 216 2722; x_wconf 87' lang='lat' dir='ltr'>stium,</span> <span class='ocrx_word' id='word_1_181' title='bbox 238 2642 352 2722; x_wconf 91' lang='lat' dir='ltr'>portae</span> <span class='ocrx_word' id='word_1_182' title='bbox 376 2642 451 2703; x_wconf 88' lang='lat' dir='ltr'>ante</span> <span class='ocrx_word' id='word_1_183' title='bbox 475 2639 602 2704; x_wconf 88' lang='lat' dir='ltr'>clausae</span> <span class='ocrx_word' id='word_1_184' title='bbox 625 2639 704 2724; x_wconf 82' lang='lat' dir='ltr'>fuga</span> <span class='ocrx_word' id='word_1_185' title='bbox 724 2640 952 2723; x_wconf 88' lang='lat' dir='ltr'>prohibebant.</span> <span class='ocrx_word' id='word_1_186' title='bbox 989 2640 1114 2705; x_wconf 88' lang='lat' dir='ltr'>adhoc</span> 
     </span>
     <span class='ocr_line' id='line_1_27' title="bbox 106 2725 1113 2810; baseline 0.001 -21"><span class='ocrx_word' id='word_1_187' title='bbox 106 2725 258 2790; x_wconf 89' lang='lat' dir='ltr'>mulieres</span> <span class='ocrx_word' id='word_1_188' title='bbox 281 2726 437 2810; x_wconf 91' lang='lat' dir='ltr'>puerique</span> <span class='ocrx_word' id='word_1_189' title='bbox 456 2748 515 2809; x_wconf 94' lang='lat' dir='ltr'>pro</span> <span class='ocrx_word' id='word_1_190' title='bbox 535 2727 631 2792; x_wconf 89' lang='lat' dir='ltr'>tectis</span> <span class='ocrx_word' id='word_1_191' title='bbox 651 2726 870 2791; x_wconf 87' lang='lat' dir='ltr'>aedificiorum</span> <span class='ocrx_word' id='word_1_192' title='bbox 893 2748 970 2790; x_wconf 84' lang='lat' dir='ltr'>saxa</span> <span class='ocrx_word' id='word_1_193' title='bbox 989 2731 1022 2790; x_wconf 91' lang='lat' dir='ltr'>et</span> <span class='ocrx_word' id='word_1_194' title='bbox 1041 2728 1113 2810; x_wconf 89' lang='lat' dir='ltr'>alia,</span> 
     </span>
     <span class='ocr_line' id='line_1_28' title="bbox 106 2813 1149 2898; baseline 0.001 -20"><span class='ocrx_word' id='word_1_195' title='bbox 106 2835 189 2898; x_wconf 87' lang='lat' dir='ltr'>quae</span> <span class='ocrx_word' id='word_1_196' title='bbox 218 2813 308 2878; x_wconf 92' lang='lat' dir='ltr'>locus</span> <span class='ocrx_word' id='word_1_197' title='bbox 337 2815 528 2898; x_wconf 87' lang='lat' dir='ltr'>praebebat,</span> <span class='ocrx_word' id='word_1_198' title='bbox 559 2815 709 2879; x_wconf 90' lang='lat' dir='ltr'>certatim</span> <span class='ocrx_word' id='word_1_199' title='bbox 741 2813 879 2878; x_wconf 89' lang='lat' dir='ltr'>mittere.</span> <span class='ocrx_word' id='word_1_200' title='bbox 931 2814 979 2877; x_wconf 91' lang='lat' dir='ltr'>ita</span> <span class='ocrx_word' id='word_1_201' title='bbox 1009 2831 1149 2897; x_wconf 71' lang='lat' dir='ltr'>nequer</span> 
     </span>
     <span class='ocr_line' id='line_1_29' title="bbox 107 2900 1113 2986; baseline 0.001 -20"><span class='ocrx_word' id='word_1_202' title='bbox 107 2901 212 2966; x_wconf 83' lang='lat' dir='ltr'>caveri</span> <span class='ocrx_word' id='word_1_203' title='bbox 231 2922 348 2985; x_wconf 90' lang='lat' dir='ltr'>anceps</span> <span class='ocrx_word' id='word_1_204' title='bbox 368 2902 491 2966; x_wconf 89' lang='lat' dir='ltr'>malum</span> <span class='ocrx_word' id='word_1_205' title='bbox 507 2924 611 2986; x_wconf 89' lang='lat' dir='ltr'>neque</span> <span class='ocrx_word' id='word_1_206' title='bbox 631 2900 862 2966; x_wconf 88' lang='lat' dir='ltr'>afortissumis</span> <span class='ocrx_word' id='word_1_207' title='bbox 880 2901 1113 2967; x_wconf 91' lang='lat' dir='ltr'>infirmissumo</span> 
     </span>
     <span class='ocr_line' id='line_1_30' title="bbox 105 2989 1114 3074; baseline 0.001 -20"><span class='ocrx_word' id='word_1_208' title='bbox 105 2989 217 3074; x_wconf 85' lang='lat' dir='ltr'>generi</span> <span class='ocrx_word' id='word_1_209' title='bbox 244 2989 354 3054; x_wconf 88' lang='lat' dir='ltr'>resisti</span> <span class='ocrx_word' id='word_1_210' title='bbox 380 3011 490 3073; x_wconf 89' lang='lat' dir='ltr'>posse:</span> <span class='ocrx_word' id='word_1_211' title='bbox 519 2990 611 3054; x_wconf 85' lang='lat' dir='ltr'>iuxta</span> <span class='ocrx_word' id='word_1_212' title='bbox 637 2989 716 3054; x_wconf 91' lang='lat' dir='ltr'>boni</span> <span class='ocrx_word' id='word_1_213' title='bbox 743 2989 897 3074; x_wconf 91' lang='lat' dir='ltr'>malique,</span> <span class='ocrx_word' id='word_1_214' title='bbox 927 2990 1052 3055; x_wconf 89' lang='lat' dir='ltr'>strenui</span> <span class='ocrx_word' id='word_1_215' title='bbox 1081 2995 1114 3055; x_wconf 90' lang='lat' dir='ltr'>et</span> 
     </span>
     <span class='ocr_line' id='line_1_31' title="bbox 104 3076 1150 3162; baseline 0.001 -21"><span class='ocrx_word' id='word_1_216' title='bbox 104 3076 243 3141; x_wconf 89' lang='lat' dir='ltr'>inbelles</span> <span class='ocrx_word' id='word_1_217' title='bbox 266 3078 364 3141; x_wconf 92' lang='lat' dir='ltr'>inulti</span> <span class='ocrx_word' id='word_1_218' title='bbox 387 3078 583 3142; x_wconf 82' lang='lat' dir='ltr'>obtnmcari.</span> <span class='ocrx_word' id='word_1_219' title='bbox 615 3078 650 3142; x_wconf 93' lang='lat' dir='ltr'>in</span> <span class='ocrx_word' id='word_1_220' title='bbox 673 3099 712 3142; x_wconf 92' lang='lat' dir='ltr'>ea</span> <span class='ocrx_word' id='word_1_221' title='bbox 734 3081 828 3142; x_wconf 85' lang='lat' dir='ltr'>tanta</span> <span class='ocrx_word' id='word_1_222' title='bbox 850 3079 1024 3162; x_wconf 85' lang='lat' dir='ltr'>asperitate</span> <span class='ocrx_word' id='word_1_223' title='bbox 1048 3095 1150 3142; x_wconf 80' lang='lat' dir='ltr'>sae-3</span> 
     </span>
     <span class='ocr_line' id='line_1_32' title="bbox 104 3164 1113 3250; baseline 0.002 -23"><span class='ocrx_word' id='word_1_224' title='bbox 104 3165 257 3228; x_wconf 79' lang='lat' dir='ltr'>uissumis</span> <span class='ocrx_word' id='word_1_225' title='bbox 280 3164 432 3230; x_wconf 91' lang='lat' dir='ltr'>Numidis</span> <span class='ocrx_word' id='word_1_226' title='bbox 456 3169 489 3230; x_wconf 92' lang='lat' dir='ltr'>et</span> <span class='ocrx_word' id='word_1_227' title='bbox 512 3165 630 3250; x_wconf 90' lang='lat' dir='ltr'>oppido</span> <span class='ocrx_word' id='word_1_228' title='bbox 653 3165 795 3248; x_wconf 90' lang='lat' dir='ltr'>undique</span> <span class='ocrx_word' id='word_1_229' title='bbox 819 3166 929 3230; x_wconf 89' lang='lat' dir='ltr'>clauso</span> <span class='ocrx_word' id='word_1_230' title='bbox 949 3165 1113 3248; x_wconf 88' lang='lat' dir='ltr'>Turpilius</span> 
     </span>
     <span class='ocr_line' id='line_1_33' title="bbox 104 3251 1114 3337; baseline 0.003 -22"><span class='ocrx_word' id='word_1_231' title='bbox 104 3251 288 3335; x_wconf 86' lang='lat' dir='ltr'>praefectus</span> <span class='ocrx_word' id='word_1_232' title='bbox 311 3275 395 3318; x_wconf 92' lang='lat' dir='ltr'>unus</span> <span class='ocrx_word' id='word_1_233' title='bbox 417 3275 456 3319; x_wconf 87' lang='lat' dir='ltr'>ex</span> <span class='ocrx_word' id='word_1_234' title='bbox 474 3253 624 3318; x_wconf 90' lang='lat' dir='ltr'>omnibus</span> <span class='ocrx_word' id='word_1_235' title='bbox 643 3252 768 3318; x_wconf 90' lang='lat' dir='ltr'>Italicis</span> <span class='ocrx_word' id='word_1_236' title='bbox 791 3253 934 3318; x_wconf 87' lang='lat' dir='ltr'>intactus</span> <span class='ocrx_word' id='word_1_237' title='bbox 957 3252 1114 3337; x_wconf 81' lang='lat' dir='ltr'>profugit.</span> 
     </span>
     <span class='ocr_line' id='line_1_34' title="bbox 105 3339 1115 3426; baseline 0.001 -24"><span class='ocrx_word' id='word_1_238' title='bbox 105 3339 138 3403; x_wconf 93' lang='lat' dir='ltr'>id</span> <span class='ocrx_word' id='word_1_239' title='bbox 164 3341 427 3406; x_wconf 88' lang='lat' dir='ltr'>misericordiane</span> <span class='ocrx_word' id='word_1_240' title='bbox 457 3342 596 3426; x_wconf 88' lang='lat' dir='ltr'>hospitis</span> <span class='ocrx_word' id='word_1_241' title='bbox 627 3363 666 3405; x_wconf 91' lang='lat' dir='ltr'>an</span> <span class='ocrx_word' id='word_1_242' title='bbox 695 3340 845 3425; x_wconf 91' lang='lat' dir='ltr'>pactione</span> <span class='ocrx_word' id='word_1_243' title='bbox 878 3344 934 3405; x_wconf 90' lang='lat' dir='ltr'>aut</span> <span class='ocrx_word' id='word_1_244' title='bbox 962 3362 1037 3404; x_wconf 89' lang='lat' dir='ltr'>casu</span> <span class='ocrx_word' id='word_1_245' title='bbox 1066 3341 1115 3403; x_wconf 91' lang='lat' dir='ltr'>ita</span> 
     </span>
     <span class='ocr_line' id='line_1_35' title="bbox 105 3428 1113 3513; baseline 0 -22"><span class='ocrx_word' id='word_1_246' title='bbox 105 3429 262 3513; x_wconf 86' lang='lat' dir='ltr'>evenerit,</span> <span class='ocrx_word' id='word_1_247' title='bbox 291 3452 408 3513; x_wconf 90' lang='lat' dir='ltr'>parum</span> <span class='ocrx_word' id='word_1_248' title='bbox 431 3429 648 3512; x_wconf 90' lang='lat' dir='ltr'>conperimus,</span> <span class='ocrx_word' id='word_1_249' title='bbox 677 3429 754 3512; x_wconf 90' lang='lat' dir='ltr'>nisi,</span> <span class='ocrx_word' id='word_1_250' title='bbox 783 3428 859 3512; x_wconf 88' lang='lat' dir='ltr'>quia</span> <span class='ocrx_word' id='word_1_251' title='bbox 884 3428 935 3491; x_wconf 89' lang='lat' dir='ltr'>illi</span> <span class='ocrx_word' id='word_1_252' title='bbox 962 3428 997 3492; x_wconf 93' lang='lat' dir='ltr'>in</span> <span class='ocrx_word' id='word_1_253' title='bbox 1020 3432 1113 3492; x_wconf 90' lang='lat' dir='ltr'>tanto</span> 
     </span>
     <span class='ocr_line' id='line_1_36' title="bbox 104 3514 1113 3603; baseline 0.003 -25"><span class='ocrx_word' id='word_1_254' title='bbox 104 3515 191 3580; x_wconf 91' lang='lat' dir='ltr'>malo</span> <span class='ocrx_word' id='word_1_255' title='bbox 215 3518 321 3600; x_wconf 88' lang='lat' dir='ltr'>turpis</span> <span class='ocrx_word' id='word_1_256' title='bbox 348 3518 417 3583; x_wconf 79' lang='lat' dir='ltr'>vita</span> <span class='ocrx_word' id='word_1_257' title='bbox 443 3518 573 3603; x_wconf 83' lang='lat' dir='ltr'>integra</span> <span class='ocrx_word' id='word_1_258' title='bbox 599 3516 686 3580; x_wconf 86' lang='lat' dir='ltr'>fama</span> <span class='ocrx_word' id='word_1_259' title='bbox 712 3515 822 3599; x_wconf 91' lang='lat' dir='ltr'>potior</span> <span class='ocrx_word' id='word_1_260' title='bbox 848 3514 925 3600; x_wconf 89' lang='lat' dir='ltr'>fuit,</span> <span class='ocrx_word' id='word_1_261' title='bbox 956 3515 1113 3600; x_wconf 89' lang='lat' dir='ltr'>inprobus</span> 
     </span>
     <span class='ocr_line' id='line_1_37' title="bbox 103 3601 526 3689; baseline 0.007 -22"><span class='ocrx_word' id='word_1_262' title='bbox 103 3601 367 3689; x_wconf 91' lang='lat' dir='ltr'>intestabilisque</span> <span class='ocrx_word' id='word_1_263' title='bbox 390 3605 526 3670; x_wconf 85' lang='lat' dir='ltr'>videtur.</span> 
     </span>
    </p>
   </div>
   <div class='ocr_carea' id='block_1_3' title="bbox 0 0 1278 4192">
    <p class='ocr_par' dir='ltr' id='par_1_3' title="bbox 0 0 1278 4192">
     <span class='ocr_line' id='line_1_38' title="bbox 0 0 1278 4192; baseline 0 0"><span class='ocrx_word' id='word_1_264' title='bbox 0 0 1278 4192; x_wconf 95' lang='lat' dir='ltr'> </span> 
     </span>
    </p>
   </div>
  </div>
 </body>
</html>
