2542 4192
157 241 222 308 104
494 241 521 297 O.
541 240 711 295 SALLUSTI
730 239 844 294 calsrr

119 388 275 471 amulta,
298 389 442 451 ceterum
463 385 560 471 levia,
584 384 648 450 alia
671 384 743 449 aliis
766 383 847 449 locis
871 382 985 448 facere.
1031 382 1162 449 interim

155 475 233 540 novi
250 474 372 538 milites
392 474 461 539 sine
480 476 570 537 metu
588 494 716 558 pugnae
735 473 856 557 adesse,
878 471 986 537 videre
1004 470 1162 557 fugientis

157 563 229 646 capi
248 565 305 627 aut
323 561 435 644 occidi,
455 560 680 627 fortissumum
695 581 854 645 quemque
872 559 1097 644 tutissumum,
1116 582 1162 624 ar-

156 651 218 714 mis
250 650 439 715 libertatem
473 649 616 734 patriam
647 648 856 733 parentisque
889 650 923 711 et
955 647 1021 712 alia
1054 647 1162 712 omnia

120 738 233 824 etegi,
256 737 396 824 gloriam
418 740 516 821 atque
539 737 669 803 divitias
693 736 814 821 quaeri.
860 736 907 800 sic
933 735 1026 801 brevi
1054 737 1162 820 spatio

154 826 232 891 novi
257 829 446 909 veteresque
476 825 625 891 coaluere
651 829 685 889 et
712 824 816 890 virtus
844 823 989 888 omnium
1017 825 1163 908 aequalis

155 913 251 979 facta
355 954 357 959 <

119 1015 138 1064 4
221 1001 268 1067 At
294 1023 402 1087 reges,
433 1001 490 1066 ubi
519 1001 558 1066 de
582 1001 722 1066 adventu
743 998 828 1064 Mari
851 1003 1088 1085 cognoversmt,
1120 999 1162 1064 di·

155 1090 244 1156 vorsi
264 1089 301 1156 in
321 1090 412 1155 locos
435 1088 577 1154 difficilis
601 1090 729 1153 abeunt.
769 1088 817 1152 ita
839 1087 1017 1173 Iugurthae
1035 1088 1163 1172 placuc
1196 1111 1203 1125 ·

155 1182 217 1261 rat,
235 1177 380 1262 speranti
398 1198 474 1242 mox
488 1176 607 1242 effusos
620 1176 726 1241 hostis
740 1175 849 1240 invadi
867 1197 972 1259 posse,
994 1175 1163 1242 Romanos

155 1265 253 1331 sicuti
275 1267 448 1349 plerosque
475 1269 601 1330 remoto
629 1267 719 1330 metu
745 1263 851 1328 laxius
874 1263 1093 1348 licentiusque
1115 1265 1163 1329 fu·

156 1357 264 1418 turos.¹

103 1440 146 1506 88
222 1439 374 1507 Metellus
401 1440 527 1506 interea
555 1439 695 1505 Romam
726 1440 891 1524 profectus
924 1443 1038 1505 contra
1071 1462 1164 1524 spem

156 1551 249 1596 suam
270 1529 469 1595 laetissumis
496 1529 612 1593 animis
635 1528 806 1613 accipitur,
828 1528 917 1612 plebi
939 1528 1163 1615 patribusque,

155 1622 331 1702 postquam
353 1617 475 1682 invidia
497 1616 692 1700 decesserat,
714 1616 807 1681 iuxta
829 1638 931 1681 carus.

120 1720 137 1769 2
224 1705 286 1770 Sed
295 1704 418 1770 Marius
432 1704 559 1789 inpigre
572 1705 811 1788 prudenterque
825 1726 959 1770 suorum
973 1709 1007 1769 et
1015 1704 1164 1770 hostium

155 1814 207 1859 res
229 1792 354 1876 pariter
375 1793 554 1875 attendere,
584 1813 790 1879 cognoscere,
814 1792 991 1876 quidboni
1013 1793 1163 1878 utrisque

156 1884 213 1944 aut
237 1883 350 1944 contra
373 1884 468 1965 esset,
491 1880 659 1963 explorare
681 1880 800 1945 itinera
822 1901 946 1965 regum,
969 1881 1106 1945 consilia
1130 1885 1165 1947 et

154 1967 289 2032 insidias
322 1989 434 2033 eorum
463 1968 661 2053 antevenire,
691 1969 775 2033 nihil
805 1968 890 2052 apud
922 1991 957 2033 se
988 1968 1163 2035 remissum

119 2071 259 2141 tneque
287 2056 372 2140 apud
398 2056 473 2120 illos
502 2059 612 2121 tutum
638 2056 717 2140 pati.
756 2057 868 2140 itaque
891 2059 924 2120 et
948 2053 1105 2122 Gaetulos
1129 2062 1163 2123 et

155 2144 351 2232 Iugurtham
382 2166 422 2210 ex
454 2144 551 2209 sociis
582 2145 705 2209 nostris
736 2145 871 2228 praedas
904 2144 1032 2229 agentis
1066 2167 1163 2230 saepe

155 2255 329 2320 aggressus
360 2232 396 2297 in
421 2232 537 2298 itinere
568 2231 697 2297 fuderat
732 2233 903 2316 ipsumque
934 2253 1046 2317 regem
1075 2233 1164 2298 haud

118 2322 269 2406 4procul
301 2321 342 2385 ab
375 2319 493 2404 oppido
522 2318 614 2386 Oirta
646 2319 744 2385 armis
775 2324 916 2388 exuerat.
961 2340 1043 2404 quac
1072 2325 1163 2406 post

156 2430 254 2491 quam
281 2408 425 2492 gloriosa
453 2407 549 2472 modo
575 2429 680 2491 neque
707 2407 785 2472 belli
815 2407 967 2492 patrandi
999 2409 1164 2494 cognovit,

155 2495 274 2562 statuit
295 2494 396 2580 urbis,
419 2515 501 2578 quae
523 2494 602 2559 viris
626 2499 683 2560 aut
705 2496 777 2560 loco
800 2518 860 2580 pro
878 2496 1029 2561 hostibus
1052 2500 1087 2560 et
1110 2498 1164 2561 ad-

154 2605 287 2650 vorsum
318 2604 353 2648 se
381 2582 684 2668 opportunissumae
711 2588 817 2666 erant,
850 2584 994 2669 singulas
1027 2584 1164 2650 circum-

154 2672 277 2739 venire:
306 2671 355 2736 ita
376 2670 571 2757 Iugurtham
598 2674 655 2736 aut
681 2671 851 2755 praesidiis
873 2672 1044 2754 nudatum,
1072 2672 1101 2737 si
1124 2695 1165 2737 ea

117 2775 135 2825 o
153 2764 330 2846 pateretur,
354 2762 412 2824 aut
433 2759 557 2843 proelio
581 2763 789 2825 certaturum
819 2782 897 2824 nam
909 2759 1059 2825 Bocchus
1081 2782 1164 2825 nnn-

155 2849 220 2914 tios
244 2849 285 2912 ad
308 2870 382 2913 eum
405 2869 500 2931 saepe
523 2847 670 2913 miserat:
693 2847 775 2912 velle
793 2847 906 2931 populi
924 2846 1064 2912 Romani
1084 2849 1163 2912 ami-

119 2952 135 3002 6
156 2937 279 3002 citiam:
297 2958 339 3001 ne
358 2935 436 3019 quid
455 2936 500 3000 ab'
514 2957 548 2999 se
566 2935 686 3001 hostile
700 2936 840 3001 timeret.
859 2935 893 3000 id
909 2935 1164 3020 simulaveritne,

155 3045 219 3108 quo
243 3023 427 3107 inprovisus
447 3022 577 3108 gravior
595 3023 763 3108 accideret,
786 3045 828 3088 an
845 3023 1031 3088 mobilitate
1049 3023 1162 3109 ingeni

153 3133 268 3197 paoem
282 3115 379 3195 atque
392 3111 516 3176 bellum
531 3115 657 3176 mutare
677 3112 803 3195 solitus,
820 3133 936 3195 parum
955 3111 1163 3195 exploratum

101 3201 144 3267 89
155 3205 214 3266 est.
248 3199 304 3264 sed
327 3199 449 3280 consul,
470 3199 520 3264 uti
543 3203 712 3283 statuerat,
735 3199 1074 3284 oppidacastellaque
1092 3222 1163 3265 mu·

152 3290 224 3355 nita
248 3287 348 3373 adire,
375 3287 497 3372 partim
523 3287 556 3351 vi
590 3288 654 3352 alia
680 3291 771 3352 metu
798 3292 854 3352 aut
881 3286 1026 3371 praemia
1053 3291 1164 3353 osten·

118 3394 135 3442 2
154 3377 252 3443 tando
276 3379 423 3441 avortere
447 3377 488 3441 ab
510 3376 671 3440 hostibus.
716 3398 754 3440 ao
776 3375 882 3460 primo
910 3374 1085 3440 mediocria
1108 3396 1162 3461 ga

153 3467 255 3550 rebat,
271 3464 470 3529 existumans
484 3462 679 3548 Iugurtham
693 3465 735 3529 ob
746 3485 821 3529 suos
836 3464 989 3528 tutandos
999 3462 1163 3530 inmanus

117 3569 135 3620 3
154 3557 335 3619 venturum.
367 3552 423 3618 sed
437 3552 493 3616 ubi
507 3552 600 3617 illum
617 3553 731 3638 procul
746 3553 858 3618 abesse
877 3555 911 3617 et
926 3551 998 3616 aliis
1016 3551 1162 3638 negotiis
