2542 4192
311 280 456 336 BELLUM
474 280 734 336 IUGURTHINUM
753 298 776 335 c.
791 288 905 336 21-24.
1070 282 1113 346 59

102 428 225 509 potest,
248 426 334 490 vallo
359 429 456 509 atque
479 425 569 490 fossa
586 425 715 490 moenia
735 426 922 511 circumdat,
944 425 1044 490 turris
1064 448 1115 490 ex·

102 514 186 577 truit
210 535 329 597 easque
342 513 512 597 praesidiis
528 514 654 597 firmat,
672 518 839 597 praeterea
857 514 924 578 dies
942 513 1113 597 noctisque

102 605 161 666 aut
178 601 318 685 pervim
338 605 394 665 1111
413 601 496 665 dolis
515 605 684 685 temptare,
708 602 930 667 defensoribus
949 602 1114 666 moenium

102 689 248 773 praemia
270 689 367 753 modo
391 688 486 753 modo
510 689 717 754 formidinem
740 693 914 774 ostentare,
937 712 1013 754 suos
1041 689 1113 753 hor-

103 777 203 842 tando
227 777 268 841 ad
291 777 448 842 virtutem
471 777 631 861 adrigere:
662 798 795 860 prorsus
823 778 968 842 intentus
997 782 1113 842 cuncta
1212 790 1217 798 '

102 886 227 949 parare.
272 864 438 929 Adherbal
466 865 524 928 ubi
550 864 713 948 intellegit
736 865 841 929 omnis
865 887 939 929 suas
962 865 1110 929 fortunas
1131 881 1147 928 1

103 954 138 1017 in
156 957 300 1018 extremo
320 953 409 1036 sitas,
427 953 557 1017 hostem
575 951 740 1035 infestum,
757 953 857 1016 auxili
875 975 966 1037 spem
978 953 1112 1036 nullam,

102 1041 238 1125 penuria
261 1062 369 1104 rerum
391 1041 647 1105 necessariarum
670 1040 793 1105 bellum
816 1041 903 1105 trahi
924 1063 991 1105 non
1008 1062 1113 1124 posse,

102 1151 142 1193 ex
172 1128 233 1212 eis,
264 1129 320 1211 qui
351 1150 415 1192 una
447 1127 573 1194 Cirtam
602 1127 828 1213 profugerant,
856 1128 936 1193 duos
964 1149 1112 1192 maxume

102 1216 249 1301 inpigros
279 1216 413 1301 delegit:
445 1237 500 1280 eos
528 1217 632 1280 multa
659 1217 841 1300 pollicendo
871 1238 907 1281 ac
930 1216 1112 1280 miserando

102 1325 215 1368 casum
243 1325 338 1367 suum
366 1304 549 1387 confirmat,
580 1304 631 1367 uti
658 1326 717 1387 per
743 1304 888 1368 hostium
916 1303 1112 1368 munitiones

34 1468 37 1473 y
101 1395 203 1457 noctu
234 1391 275 1455 ad
306 1412 500 1475 proxumum
527 1413 629 1474 mare,
661 1391 736 1455 dein
763 1391 902 1456 Romam
930 1396 1112 1476 pergerent.

102 1478 263 1544 Numidae
290 1479 402 1563 paucis
425 1479 537 1542 diebus
567 1479 656 1543 iussa
684 1478 837 1542 efficiunt.
891 1479 1021 1544 litterae
1049 1479 1165 1544 Ari-24

102 1566 246 1631 herbalis
273 1567 308 1630 in
335 1569 450 1631 senatu
477 1567 645 1650 recitatae,
678 1587 815 1649 quarum
843 1567 1004 1631 sententia
1033 1566 1113 1631 haec

101 1655 185 1719 fuit:

170 1741 258 1808 ‘Non
280 1764 352 1806 mea
375 1743 469 1827 culpa
496 1764 590 1826 saepe
618 1743 659 1806 ad
681 1764 739 1806 vos
764 1746 892 1807 oratum
920 1743 1032 1826 mitto,
1058 1759 1148 1826 par

103 1836 171 1895 tres
195 1831 380 1914 conscripti,
403 1832 459 1895 sed
477 1830 525 1895 vis
545 1830 723 1915 Iugurthae
748 1831 881 1916 subigit,
905 1853 1001 1914 quem
1019 1835 1113 1896 tanta

103 1919 215 1983 lubido
244 1918 452 2003 extinguendi
479 1940 530 1982 me
562 1919 695 2002 invasit,
727 1923 765 1983 ut
792 1941 896 2003 neque
924 1941 982 1984 101
1008 1941 1112 2003 neque

103 2007 181 2071 deos
211 2006 395 2070 inmortalis
423 2006 458 2069 in
486 2006 593 2069 animo
620 2006 754 2089 habeat,
785 2008 975 2091 sanguinem
1005 2029 1113 2071 meum

105 2116 204 2178 quam
228 2094 337 2158 omnia
359 2093 462 2156 malit.
499 2094 610 2176 itaque
633 2095 784 2177 quintum
807 2094 873 2158 iam
895 2115 1040 2157 mensem
1063 2112 1147 2158 so-3

105 2182 174 2246 cius
198 2184 231 2245 et
254 2181 377 2245 amicus
400 2180 514 2264 populi
531 2180 672 2244 Romani
695 2181 794 2245 armis
818 2181 969 2245 obsessus
988 2184 1114 2264 teneor3

103 2291 208 2353 neque
231 2269 311 2333 mihi
329 2267 485 2351 Micipsae
508 2268 613 2352 patris
632 2270 695 2334 mei
714 2268 865 2332 benificia
881 2290 984 2351 neque
1003 2272 1115 2332 vostra

103 2357 233 2421 decreta
260 2356 470 2441 armiliantu13
497 2356 585 2421 ferro
613 2379 655 2420 an
679 2356 765 2421 fame
790 2356 895 2421 acrius
918 2377 1045 2442 urgear,
1067 2357 1114 2420 in-

105 2449 213 2509 certus
238 2467 318 2509 sum.

171 2532 271 2597 Plura
289 2534 328 2597 de
346 2532 508 2619 Iugurtha
531 2534 671 2599 scribere
694 2534 886 2599 dehortatur
908 2557 959 2598 me
982 2534 1114 2598 fortuna
1133 2550 1150 2597 4

105 2643 177 2685 mea
200 2624 233 2684 et
255 2622 321 2685 iam
344 2626 440 2685 antea
462 2626 614 2705 expertus
641 2644 714 2685 sum
741 2645 856 2705 parum
883 2622 958 2685 fidei
985 2621 1112 2685 miseris

104 2731 189 2793 esse3
210 2709 276 2774 nisi
294 2713 404 2773 tamen
425 2710 582 2794 intellego
606 2709 699 2772 illum
723 2731 821 2792 supra
838 2731 941 2791 quam
960 2728 1020 2792 ego
1040 2730 1112 2771 111111
1133 2726 1149 2773 o

104 2801 214 2880 petere
245 2819 348 2880 neque
385 2797 482 2861 simul
519 2797 697 2861 amicitiam
733 2800 878 2860 101111111
910 2799 944 2859 et
975 2816 1112 2880 regnum

104 2907 214 2948 meum
236 2907 373 2969 sperare.
418 2890 529 2949 utrum
552 2884 683 2969 gravius
707 2884 894 2966 existumet,
916 2882 1039 2947 nemini
1063 2905 1113 2948 oc·

105 2973 229 3037 cultum
252 2977 311 3037 est.
355 2995 432 3037 nam
458 2973 553 3037 initio
583 2973 700 3037 occidit
726 2971 949 3055 Hiempsalem
975 2971 1112 3035 fratrem
1133 2989 1148 3036 6

105 3081 229 3143 meum,
261 3060 373 3124 deinde
400 3061 508 3144 patrio
540 3081 640 3145 regno
669 3083 720 3124 me
749 3061 881 3144 expulit.
927 3082 1008 3144 quae
1037 3081 1113 3124 sane

104 3147 225 3212 luerint
254 3152 386 3212 nostrae
416 3148 566 3231 iniuriae,
595 3148 678 3211 nihil
709 3149 748 3212 ad
777 3170 844 3213 101.
890 3170 1001 3212 verum
1028 3163 1148 3212 11111111

105 3240 252 3300 vostrum
275 3257 412 3321 regnum
435 3236 534 3300 armis
558 3239 661 3319 tenet,
688 3257 753 3318 me,
778 3258 873 3319 quem
897 3257 954 3300 101
978 3236 1114 3317 impera-

104 3326 210 3387 torem
233 3322 384 3387 Numidis
407 3323 574 3407 posuistis,
597 3324 743 3388 clausum
767 3323 907 3406 obsidet3
929 3323 1113 3407 legatorum

104 3411 202 3474 verba
227 3411 342 3493 quanti
363 3410 486 3494 fecerit,
508 3411 652 3494 pericula
669 3433 741 3474 mea
760 3410 933 3474 declarant.
967 3409 1043 3492 quid
1063 3412 1148 3472 1118

104 3497 239 3562 relicum
262 3498 327 3562 nisi
349 3498 399 3562 vis
422 3502 547 3582 vostra,
571 3520 633 3580 quo
657 3497 780 3562 moveri
802 3497 931 3581 possit?
952 3519 1029 3561 nam
1052 3518 1113 3581 ego
1133 3514 1149 3560 1

105 3585 236 3668 quidem
250 3587 375 3671 vellem,
399 3590 432 3677 et
445 3587 534 3671 haec,
549 3607 630 3669 quae
650 3585 766 3669 scribo,
786 3589 819 3649 et
838 3584 904 3668 illa,
919 3606 1000 3668 quae
1019 3590 1115 3650 antea
