2542 4192
297 246 443 302 BELLUM
462 247 656 303 CATILINAE
676 266 699 304 o.
719 256 832 306 20-22.
1030 251 1071 317 13

60 394 124 458 fica
151 391 257 477 magis
281 413 378 476 quam
406 393 511 457 oratio
535 415 607 457 mea
630 416 688 458 vos
710 395 893 459 hortantur.
939 397 990 460 vel
1012 396 1071 460 im·
1090 414 1124 464 16

59 484 211 567 peratore
238 480 290 543 vel
313 480 417 544 milite
441 481 658 546 mentimini:
685 504 789 566 neque
814 484 940 548 animus
963 506 1066 568 neque

61 591 180 653 corpus
194 591 214 632 a
226 568 319 632 vobis
332 568 445 633 aberit.
470 568 550 633 haec
563 570 643 653 ipsa,
658 574 695 635 ut
709 592 813 655 spero,
827 572 995 637 vobiscum
1005 595 1069 637 una
1089 590 1123 638 17

61 657 176 723 consul
195 677 299 742 agam,
316 656 381 720 nisi
399 656 484 721 forte
503 679 555 720 1111
574 658 701 722 animus
719 657 806 722 fallit
825 664 857 723 et
876 682 934 724 vos
949 660 1068 724 servire

60 745 167 831 magis
191 766 289 829 quam
311 744 469 828 imperare
492 745 600 829 parati
623 744 723 809 estis?

128 831 308 917 Postquam
336 854 486 915 accepere
513 855 551 897 ea
577 833 739 918 homines,
767 834 884 918 quibus
907 836 993 898 mala
1016 836 1121 904 111-21

61 922 146 987 unde
178 920 288 985 omnia
319 923 424 1005 erant,
456 920 511 984 sed
542 942 645 1004 neque
673 943 724 985 res
752 944 856 1005 neque
884 944 957 1005 spes
982 924 1070 988 bona

61 1009 139 1093 ulla,
162 1008 295 1073 tametsi
317 1008 383 1071 illis
407 1008 518 1091 quieta
545 1030 673 1073 movere
699 1031 818 1095 magna
840 1031 961 1075 meroes
985 1011 1070 1075 vide·

61 1099 170 1179 batur,
188 1100 298 1160 tamen
314 1097 520 1179 postulavere
538 1097 693 1181 plerique,
711 1102 749 1161 ut
762 1102 967 1181 proponeret,
987 1121 1068 1181 quae

63 1185 208 1251 condicio
227 1184 306 1248 belli
324 1183 418 1267 foret,
437 1206 518 1269 quae
537 1185 681 1267 praemia
700 1186 798 1249 armis
815 1189 973 1270 peterent,
992 1186 1070 1270 quid

64 1273 183 1356 ubique
207 1272 278 1355 opis
302 1275 358 1335 aut
378 1272 448 1355 spei
472 1273 636 1337 haberent.
674 1277 745 1337 tum
764 1272 905 1339 Catilina
922 1275 1070 1358 polliceri
1088 1296 1105 1344 1

62 1361 193 1426 tabulas
219 1381 334 1443 novas,
356 1360 629 1443 proscriptionem
651 1361 876 1445 locupletium,
899 1363 1071 1447 magistra·

62 1454 117 1513 tus
142 1448 331 1533 sacerdotia,
353 1448 483 1531 rapinas
507 1447 570 1511 alia
590 1447 706 1531 omnia,
730 1469 812 1531 quae
831 1449 953 1513 bellum
972 1455 1069 1534 atque

62 1537 175 1602 lubido
197 1537 358 1601 victorum
380 1535 457 1599 fert:
481 1539 648 1617 praeterea
671 1557 740 1599 esse
763 1536 798 1599 in
815 1535 975 1621 Hispania
995 1540 1070 1602 cite·
1088 1561 1105 1609 3

62 1625 149 1689 riore
167 1623 328 1708 Pisonem,
349 1624 385 1687 in
402 1622 606 1687 Mauretania
625 1646 698 1687 cum
717 1624 860 1688 exercitu
878 1624 913 1689 P.
934 1623 1070 1689 Sittium

66 1711 276 1796 Nucerinum,
304 1711 418 1776 consili
444 1710 494 1774 sui
517 1711 706 1796 participcs3
733 1716 842 1796 petere
866 1714 1071 1777 consulatum

63 1799 98 1866 O.
122 1800 316 1882 Antonium,
344 1820 439 1882 quem
463 1798 526 1862 sibi
550 1799 718 1886 conlegam
740 1800 810 1866 fore
834 1805 992 1885 speraret,
1014 1802 1071 1866 ho-

64 1889 185 1952 minem
208 1891 241 1951 et
263 1886 456 1950 familiarem
480 1890 513 1951 et
532 1888 682 1952 omnibus
701 1889 992 1954 necessitudinibus
1012 1889 1072 1953 cir-

63 1979 285 2059 cumventum,
305 1997 378 2039 cum
396 1996 433 2038 eo
454 1996 487 2038 se
506 1976 671 2039 consulem
689 1976 820 2040 initium
835 1977 955 2060 agundi
968 1977 1071 2040 factu-

63 2084 145 2129 rum.
200 2063 240 2127 ad
273 2063 336 2127 hoc
372 2062 553 2126 maledictis
592 2062 782 2146 increpabat
818 2065 922 2127 omnis
958 2065 1107 2146 bonos,4

64 2174 198 2217 suorum
219 2168 319 2216 unum
342 2172 501 2233 quemque
519 2150 690 2214 nominans
709 2150 852 2214 laudare:
876 2151 1072 2214 admonebat

63 2240 165 2304 alium
189 2239 344 2326 egestatis
368 2238 468 2302 alium
492 2238 679 2321 cupiditatis
699 2260 784 2323 suae,
808 2238 971 2322 conpluris
989 2238 1073 2321 peri·

64 2328 128 2393 culi
152 2331 209 2391 aut
232 2326 438 2412 ignominiae,
461 2326 582 2390 multos
601 2327 755 2390 victoriae
775 2324 934 2411 Sullanae,
954 2327 1070 2411 quibus

63 2437 103 2480 ca
125 2416 262 2499 praedae
284 2414 399 2478 fuerat.
444 2419 619 2499 postquam
642 2415 786 2479 omnium
810 2416 934 2480 animos
954 2415 1070 2480 alacris
1090 2436 1107 2485 5

64 2503 162 2586 videt,
185 2503 384 2586 cohortatuS,
405 2507 444 2566 ut
466 2503 659 2586 petitionem
677 2525 770 2567 suam
789 2525 883 2567 curae
903 2504 1071 2587 haberent,

63 2595 260 2656 conventum
282 2591 414 2654 dimisit.
459 2590 548 2654 fuere
572 2613 610 2655 ea
632 2595 828 2674 tempestate
851 2591 907 2674 qui
928 2593 1070 2656 dicerent
1081 2597 1124 2660 22

64 2677 241 2744 Catilinam
252 2679 405 2743 ‘oratione
424 2678 546 2763 habita,
566 2679 695 2744 eumad
713 2678 763 2741 ius
782 2679 953 2742 iurandum
971 2699 1072 2762 popu-

63 2767 144 2830 laris
167 2766 299 2831 sceleris
318 2767 369 2831 sui
387 2766 542 2852 adigeret,
563 2766 698 2830 humani
716 2765 860 2848 corporis
881 2767 1072 2851 sanguinem

64 2855 140 2919 vino
172 2854 369 2939 permixtum
399 2856 434 2918 in
464 2855 587 2938 pateris
616 2853 865 2918 circumtulisse:
896 2854 970 2918 inde
999 2875 1106 2923 cuma

64 2945 143 3026 post
165 2943 400 3007 execrationem
420 2965 531 3007 omnes
550 2942 818 3027 degustavisscnt,
842 2942 939 3007 sicuti
957 2943 992 3006 in
1010 2943 1072 3008 sol-

64 3028 226 3094 lemnibus
259 3031 359 3096 saeris
391 3031 463 3094 fieri
492 3031 671 3114 consuevit,
704 3031 867 3114 aperuisse
901 3032 1073 3096 consilium

64 3137 176 3201 suum3
194 3121 291 3200 atque
310 3141 348 3183 eo
362 3119 513 3183 dictitare
527 3118 651 3202 fecisse,
670 3140 733 3202 quo
747 3119 833 3184 inter
848 3141 881 3183 se
894 3120 952 3184 fidi
966 3120 1071 3203 magis

64 3204 175 3269 forent
193 3205 275 3270 alius
295 3206 351 3270 alii
369 3207 455 3271 tanti
473 3206 626 3271 facinoris
646 3207 775 3271 conscii.
811 3229 877 3271 non
894 3207 976 3271 nulli
994 3207 1072 3271 fieta
1090 3225 1107 3272 3

63 3297 101 3358 et
126 3292 207 3358 haec
230 3297 264 3357 et
286 3295 391 3360 multa
412 3299 581 3378 praeterea
603 3295 845 3360 existumabant
868 3295 909 3358 ab
933 3294 993 3378 eis,
1017 3294 1072 3377 qui

62 3379 231 3446 Ciceronis
254 3381 417 3468 invidiam,
441 3404 523 3466 quae
545 3388 660 3466 postea
682 3387 755 3447 orta
773 3385 831 3464 est,
854 3381 948 3446 leniri
968 3382 1074 3445 crede·

63 3468 146 3532 bant
173 3469 347 3534 atrocitate
375 3471 506 3537 sceleris
530 3493 655 3554 eorum,
683 3471 738 3553 qui
765 3490 885 3552 poenas
909 3469 1074 3535 dederant.

64 3556 160 3620 nobis
192 3579 232 3622 ea
262 3580 314 3624 res
343 3581 402 3643 pro
431 3559 656 3643 magnitudine
683 3579 799 3641 parum
827 3562 981 3643 conperta
1013 3563 1074 3625 est.
