<?xml version="1.0" encoding="UTF-8"?>
<!DOCTYPE html PUBLIC "-//W3C//DTD XHTML 1.0 Transitional//EN"
    "http://www.w3.org/TR/xhtml1/DTD/xhtml1-transitional.dtd">
<html xmlns="http://www.w3.org/1999/xhtml" xml:lang="en" lang="en">
 <head>
  <title>
</title>
<meta http-equiv="Content-Type" content="text/html;charset=utf-8" />
  <meta name='ocr-system' content='tesseract 3.04.00' />
  <meta name='ocr-capabilities' content='ocr_page ocr_carea ocr_par ocr_line ocrx_word'/>
</head>
<body>
  <div class='ocr_page' id='page_1' title='image "./catilinajugurth00sallgoog_0147.png"; bbox 0 0 2542 4192; ppageno 0'>
   <div class='ocr_carea' id='block_1_1' title="bbox 212 309 891 376">
    <p class='ocr_par' dir='ltr' id='par_1_1' title="bbox 212 309 891 376">
     <span class='ocr_line' id='line_1_1' title="bbox 212 309 891 376; baseline -0.018 -2"><span class='ocrx_word' id='word_1_1' title='bbox 212 310 276 376; x_wconf 88' lang='lat'>118</span> <span class='ocrx_word' id='word_1_2' title='bbox 543 309 570 365; x_wconf 79' lang='lat' dir='ltr'>(l.</span> <span class='ocrx_word' id='word_1_3' title='bbox 590 309 758 364; x_wconf 81' lang='lat' dir='ltr'>SALLUSTI</span> <span class='ocrx_word' id='word_1_4' title='bbox 776 309 891 365; x_wconf 80' lang='lat' dir='ltr'>CRISPI</span> 
     </span>
    </p>
   </div>
   <div class='ocr_carea' id='block_1_2' title="bbox 136 454 1220 3711">
    <p class='ocr_par' dir='ltr' id='par_1_2' title="bbox 210 454 1217 627">
     <span class='ocr_line' id='line_1_2' title="bbox 210 454 1217 541; baseline 0.002 -20"><span class='ocrx_word' id='word_1_5' title='bbox 210 457 348 541; x_wconf 82' lang='lat' dir='ltr'>invadit3</span> <span class='ocrx_word' id='word_1_6' title='bbox 379 455 507 521; x_wconf 86' lang='lat' dir='ltr'>credere</span> <span class='ocrx_word' id='word_1_7' title='bbox 537 476 571 520; x_wconf 90' lang='lat' dir='ltr'>se</span> <span class='ocrx_word' id='word_1_8' title='bbox 593 455 741 539; x_wconf 87' lang='lat' dir='ltr'>proditos</span> <span class='ocrx_word' id='word_1_9' title='bbox 765 477 784 519; x_wconf 91' lang='lat' dir='ltr'>a</span> <span class='ocrx_word' id='word_1_10' title='bbox 805 454 930 521; x_wconf 82' lang='lat' dir='ltr'>Voluce</span> <span class='ocrx_word' id='word_1_11' title='bbox 953 459 987 520; x_wconf 89' lang='lat' dir='ltr'>et</span> <span class='ocrx_word' id='word_1_12' title='bbox 1009 456 1140 522; x_wconf 78' lang='lat' dir='ltr'>insidiis</span> <span class='ocrx_word' id='word_1_13' title='bbox 1163 458 1217 523; x_wconf 88' lang='lat' dir='ltr'>cir·</span> 
     </span>
     <span class='ocr_line' id='line_1_3' title="bbox 212 542 1217 627; baseline 0.001 -17"><span class='ocrx_word' id='word_1_14' title='bbox 212 546 410 610; x_wconf 88' lang='lat' dir='ltr'>cumventos.</span> <span class='ocrx_word' id='word_1_15' title='bbox 451 565 489 608; x_wconf 90' lang='lat' dir='ltr'>ac</span> <span class='ocrx_word' id='word_1_16' title='bbox 511 542 600 607; x_wconf 87' lang='lat' dir='ltr'>fuere</span> <span class='ocrx_word' id='word_1_17' title='bbox 624 543 680 627; x_wconf 92' lang='lat' dir='ltr'>qui</span> <span class='ocrx_word' id='word_1_18' title='bbox 703 543 847 608; x_wconf 76' lang='lat' dir='ltr'>dicerent</span> <span class='ocrx_word' id='word_1_19' title='bbox 869 566 968 609; x_wconf 91' lang='lat' dir='ltr'>manu</span> <span class='ocrx_word' id='word_1_20' title='bbox 989 544 1217 611; x_wconf 85' lang='lat' dir='ltr'>vindicandum</span> 
     </span>
    </p>

    <p class='ocr_par' dir='ltr' id='par_1_3' title="bbox 136 631 1218 1334">
     <span class='ocr_line' id='line_1_4' title="bbox 136 631 1216 787; baseline 0.003 -3"><span class='ocrx_word' id='word_1_21' title='bbox 136 719 198 784; x_wconf 80' lang='lat'>107</span> <span class='ocrx_word' id='word_1_22' title='bbox 210 633 414 785; x_wconf 52' lang='lat' dir='ltr'>tttfftud</span> <span class='ocrx_word' id='word_1_23' title='bbox 431 631 1216 787; x_wconf 54' lang='lat' dir='ltr'>llllllllffatttttlttffitlllt</span> 
     </span>
     <span class='ocr_line' id='line_1_5' title="bbox 211 741 1217 892; baseline 0.001 -19"><span class='ocrx_word' id='word_1_24' title='bbox 211 807 332 873; x_wconf 90' lang='lat' dir='ltr'>iniuria</span> <span class='ocrx_word' id='word_1_25' title='bbox 353 741 686 891; x_wconf 72' lang='lat' dir='ltr'>cladrumqprohibea</span> <span class='ocrx_word' id='word_1_26' title='bbox 731 829 807 872; x_wconf 89' lang='lat' dir='ltr'>suos</span> <span class='ocrx_word' id='word_1_27' title='bbox 829 771 1007 892; x_wconf 52' lang='lat' dir='ltr'>hortatum,</span> <span class='ocrx_word' id='word_1_28' title='bbox 1020 809 1072 873; x_wconf 90' lang='lat' dir='ltr'>uti</span> <span class='ocrx_word' id='word_1_29' title='bbox 1098 809 1217 876; x_wconf 85' lang='lat' dir='ltr'>fortem</span> 
     </span>
     <span class='ocr_line' id='line_1_6' title="bbox 213 896 1217 983; baseline 0.002 -23"><span class='ocrx_word' id='word_1_30' title='bbox 213 897 357 962; x_wconf 89' lang='lat' dir='ltr'>animum</span> <span class='ocrx_word' id='word_1_31' title='bbox 375 900 536 983; x_wconf 89' lang='lat' dir='ltr'>gererent:</span> <span class='ocrx_word' id='word_1_32' title='bbox 560 916 654 979; x_wconf 83' lang='lat' dir='ltr'>saepe</span> <span class='ocrx_word' id='word_1_33' title='bbox 676 899 751 960; x_wconf 90' lang='lat' dir='ltr'>ante</span> <span class='ocrx_word' id='word_1_34' title='bbox 770 918 790 960; x_wconf 90' lang='lat' dir='ltr'>a</span> <span class='ocrx_word' id='word_1_35' title='bbox 807 896 919 979; x_wconf 88' lang='lat' dir='ltr'>paucis</span> <span class='ocrx_word' id='word_1_36' title='bbox 942 897 1085 961; x_wconf 74' lang='lat' dir='ltr'>strenuis</span> <span class='ocrx_word' id='word_1_37' title='bbox 1109 899 1217 964; x_wconf 82' lang='lat' dir='ltr'>advor-</span> 
     </span>
     <span class='ocr_line' id='line_1_7' title="bbox 213 984 1217 1068; baseline 0.001 -18"><span class='ocrx_word' id='word_1_38' title='bbox 213 1007 285 1050; x_wconf 89' lang='lat' dir='ltr'>sum</span> <span class='ocrx_word' id='word_1_39' title='bbox 317 984 559 1050; x_wconf 79' lang='lat' dir='ltr'>multitudinem</span> <span class='ocrx_word' id='word_1_40' title='bbox 589 984 670 1047; x_wconf 89' lang='lat' dir='ltr'>bene</span> <span class='ocrx_word' id='word_1_41' title='bbox 702 988 897 1068; x_wconf 82' lang='lat' dir='ltr'>pugnatum3</span> <span class='ocrx_word' id='word_1_42' title='bbox 933 989 1055 1068; x_wconf 90' lang='lat' dir='ltr'>quanto</span> <span class='ocrx_word' id='word_1_43' title='bbox 1089 985 1156 1052; x_wconf 91' lang='lat' dir='ltr'>sibi</span> <span class='ocrx_word' id='word_1_44' title='bbox 1186 987 1217 1051; x_wconf 93' lang='lat' dir='ltr'>in</span> 
     </span>
     <span class='ocr_line' id='line_1_8' title="bbox 212 1071 1217 1160; baseline 0.002 -22"><span class='ocrx_word' id='word_1_45' title='bbox 212 1073 337 1157; x_wconf 87' lang='lat' dir='ltr'>proelio</span> <span class='ocrx_word' id='word_1_46' title='bbox 360 1073 466 1138; x_wconf 88' lang='lat' dir='ltr'>minus</span> <span class='ocrx_word' id='word_1_47' title='bbox 492 1071 726 1156; x_wconf 82' lang='lat' dir='ltr'>pepercissent,</span> <span class='ocrx_word' id='word_1_48' title='bbox 758 1076 850 1136; x_wconf 90' lang='lat' dir='ltr'>tanto</span> <span class='ocrx_word' id='word_1_49' title='bbox 879 1072 1017 1137; x_wconf 90' lang='lat' dir='ltr'>tutiores</span> <span class='ocrx_word' id='word_1_50' title='bbox 1044 1073 1131 1160; x_wconf 84' lang='lat' dir='ltr'>fore;</span> <span class='ocrx_word' id='word_1_51' title='bbox 1162 1096 1217 1140; x_wconf 90' lang='lat' dir='ltr'>nec</span> 
     </span>
     <span class='ocr_line' id='line_1_9' title="bbox 214 1159 1217 1246; baseline 0.001 -20"><span class='ocrx_word' id='word_1_52' title='bbox 214 1183 409 1246; x_wconf 80' lang='lat' dir='ltr'>quemquam</span> <span class='ocrx_word' id='word_1_53' title='bbox 432 1161 555 1244; x_wconf 88' lang='lat' dir='ltr'>decere,</span> <span class='ocrx_word' id='word_1_54' title='bbox 583 1159 639 1244; x_wconf 92' lang='lat' dir='ltr'>qui</span> <span class='ocrx_word' id='word_1_55' title='bbox 661 1181 776 1224; x_wconf 89' lang='lat' dir='ltr'>manus</span> <span class='ocrx_word' id='word_1_56' title='bbox 799 1160 986 1244; x_wconf 78' lang='lat' dir='ltr'>armaverit,</span> <span class='ocrx_word' id='word_1_57' title='bbox 1013 1162 1055 1225; x_wconf 92' lang='lat' dir='ltr'>ab</span> <span class='ocrx_word' id='word_1_58' title='bbox 1085 1162 1217 1227; x_wconf 87' lang='lat' dir='ltr'>inermis</span> 
     </span>
     <span class='ocr_line' id='line_1_10' title="bbox 211 1247 1218 1334; baseline 0.002 -20"><span class='ocrx_word' id='word_1_59' title='bbox 211 1250 348 1334; x_wconf 91' lang='lat' dir='ltr'>pedibus</span> <span class='ocrx_word' id='word_1_60' title='bbox 373 1248 528 1312; x_wconf 86' lang='lat' dir='ltr'>auxilium</span> <span class='ocrx_word' id='word_1_61' title='bbox 550 1252 673 1331; x_wconf 89' lang='lat' dir='ltr'>petere,</span> <span class='ocrx_word' id='word_1_62' title='bbox 695 1247 731 1311; x_wconf 92' lang='lat' dir='ltr'>in</span> <span class='ocrx_word' id='word_1_63' title='bbox 753 1270 905 1313; x_wconf 85' lang='lat' dir='ltr'>maxumo</span> <span class='ocrx_word' id='word_1_64' title='bbox 928 1252 1019 1313; x_wconf 92' lang='lat' dir='ltr'>metu</span> <span class='ocrx_word' id='word_1_65' title='bbox 1039 1250 1168 1315; x_wconf 91' lang='lat' dir='ltr'>nudum</span> <span class='ocrx_word' id='word_1_66' title='bbox 1188 1255 1218 1316; x_wconf 88' lang='lat' dir='ltr'>ct</span> 
     </span>
    </p>

    <p class='ocr_par' dir='ltr' id='par_1_4' title="bbox 178 1335 1219 1598">
     <span class='ocr_line' id='line_1_11' title="bbox 178 1335 1219 1423; baseline 0.005 -24"><span class='ocrx_word' id='word_1_67' title='bbox 178 1351 194 1399; x_wconf 82' lang='lat'><strong>2</strong></span> <span class='ocrx_word' id='word_1_68' title='bbox 214 1359 344 1402; x_wconf 88' lang='lat' dir='ltr'>caecum</span> <span class='ocrx_word' id='word_1_69' title='bbox 363 1358 479 1420; x_wconf 80' lang='lat' dir='ltr'>corpus</span> <span class='ocrx_word' id='word_1_70' title='bbox 498 1337 539 1401; x_wconf 90' lang='lat' dir='ltr'>ad</span> <span class='ocrx_word' id='word_1_71' title='bbox 555 1336 662 1400; x_wconf 88' lang='lat' dir='ltr'>hostis</span> <span class='ocrx_word' id='word_1_72' title='bbox 680 1339 817 1401; x_wconf 83' lang='lat' dir='ltr'>vortere.</span> <span class='ocrx_word' id='word_1_73' title='bbox 845 1335 920 1400; x_wconf 91' lang='lat' dir='ltr'>dein</span> <span class='ocrx_word' id='word_1_74' title='bbox 933 1336 1102 1423; x_wconf 82' lang='lat' dir='ltr'>Voluccm,</span> <span class='ocrx_word' id='word_1_75' title='bbox 1122 1360 1219 1422; x_wconf 90' lang='lat' dir='ltr'>quon·</span> 
     </span>
     <span class='ocr_line' id='line_1_12' title="bbox 212 1423 1218 1512; baseline 0.004 -24"><span class='ocrx_word' id='word_1_76' title='bbox 212 1424 279 1488; x_wconf 90' lang='lat' dir='ltr'>iam</span> <span class='ocrx_word' id='word_1_77' title='bbox 301 1424 435 1488; x_wconf 89' lang='lat' dir='ltr'>hostilia</span> <span class='ocrx_word' id='word_1_78' title='bbox 457 1423 592 1507; x_wconf 86' lang='lat' dir='ltr'>faceret,</span> <span class='ocrx_word' id='word_1_79' title='bbox 615 1423 726 1488; x_wconf 88' lang='lat' dir='ltr'>Iovem</span> <span class='ocrx_word' id='word_1_80' title='bbox 749 1445 936 1489; x_wconf 86' lang='lat' dir='ltr'>maxumum</span> <span class='ocrx_word' id='word_1_81' title='bbox 959 1425 1163 1512; x_wconf 87' lang='lat' dir='ltr'>obtestatus,</span> <span class='ocrx_word' id='word_1_82' title='bbox 1184 1431 1218 1492; x_wconf 90' lang='lat' dir='ltr'>ut</span> 
     </span>
     <span class='ocr_line' id='line_1_13' title="bbox 214 1511 1218 1598; baseline 0.004 -21"><span class='ocrx_word' id='word_1_83' title='bbox 214 1513 344 1578; x_wconf 85' lang='lat' dir='ltr'>sceleris</span> <span class='ocrx_word' id='word_1_84' title='bbox 359 1517 456 1597; x_wconf 89' lang='lat' dir='ltr'>atque</span> <span class='ocrx_word' id='word_1_85' title='bbox 474 1513 625 1597; x_wconf 88' lang='lat' dir='ltr'>perfidiae</span> <span class='ocrx_word' id='word_1_86' title='bbox 639 1511 762 1577; x_wconf 90' lang='lat' dir='ltr'>Bocchi</span> <span class='ocrx_word' id='word_1_87' title='bbox 780 1512 875 1576; x_wconf 89' lang='lat' dir='ltr'>testis</span> <span class='ocrx_word' id='word_1_88' title='bbox 895 1513 1032 1598; x_wconf 81' lang='lat' dir='ltr'>adesset,</span> <span class='ocrx_word' id='word_1_89' title='bbox 1049 1535 1090 1579; x_wconf 84' lang='lat' dir='ltr'>ex</span> <span class='ocrx_word' id='word_1_90' title='bbox 1103 1515 1218 1580; x_wconf 87' lang='lat' dir='ltr'>castris</span> 
     </span>
    </p>

    <p class='ocr_par' dir='ltr' id='par_1_5' title="bbox 178 1601 1220 2568">
     <span class='ocr_line' id='line_1_14' title="bbox 178 1601 1218 1685; baseline 0.003 -21"><span class='ocrx_word' id='word_1_91' title='bbox 178 1602 302 1666; x_wconf 77' lang='lat' dir='ltr'>cabira</span> <span class='ocrx_word' id='word_1_92' title='bbox 334 1602 434 1666; x_wconf 87' lang='lat' dir='ltr'>iubet.</span> <span class='ocrx_word' id='word_1_93' title='bbox 478 1602 534 1665; x_wconf 86' lang='lat' dir='ltr'>ille</span> <span class='ocrx_word' id='word_1_94' title='bbox 565 1601 748 1665; x_wconf 79' lang='lat' dir='ltr'>lacrumans</span> <span class='ocrx_word' id='word_1_95' title='bbox 781 1622 888 1685; x_wconf 90' lang='lat' dir='ltr'>crare,</span> <span class='ocrx_word' id='word_1_96' title='bbox 918 1623 959 1665; x_wconf 90' lang='lat' dir='ltr'>nc</span> <span class='ocrx_word' id='word_1_97' title='bbox 989 1623 1028 1666; x_wconf 89' lang='lat' dir='ltr'>ea</span> <span class='ocrx_word' id='word_1_98' title='bbox 1060 1603 1218 1669; x_wconf 89' lang='lat' dir='ltr'>crederet:</span> 
     </span>
     <span class='ocr_line' id='line_1_15' title="bbox 212 1687 1219 1776; baseline 0.003 -23"><span class='ocrx_word' id='word_1_99' title='bbox 212 1689 296 1753; x_wconf 86' lang='lat' dir='ltr'>nihil</span> <span class='ocrx_word' id='word_1_100' title='bbox 319 1689 393 1754; x_wconf 88' lang='lat' dir='ltr'>dolo</span> <span class='ocrx_word' id='word_1_101' title='bbox 416 1688 549 1771; x_wconf 84' lang='lat' dir='ltr'>factum,</span> <span class='ocrx_word' id='word_1_102' title='bbox 573 1711 610 1752; x_wconf 91' lang='lat' dir='ltr'>ac</span> <span class='ocrx_word' id='word_1_103' title='bbox 632 1689 736 1774; x_wconf 85' lang='lat' dir='ltr'>magis</span> <span class='ocrx_word' id='word_1_104' title='bbox 756 1688 934 1753; x_wconf 90' lang='lat' dir='ltr'>calliditate</span> <span class='ocrx_word' id='word_1_105' title='bbox 952 1687 1148 1776; x_wconf 85' lang='lat' dir='ltr'>Iugurthae,</span> <span class='ocrx_word' id='word_1_106' title='bbox 1171 1691 1219 1758; x_wconf 89' lang='lat' dir='ltr'>cui</span> 
     </span>
     <span class='ocr_line' id='line_1_16' title="bbox 178 1775 1219 1862; baseline 0.005 -23"><span class='ocrx_word' id='word_1_107' title='bbox 178 1777 364 1841; x_wconf 68' lang='lat' dir='ltr'>avidelicet</span> <span class='ocrx_word' id='word_1_108' title='bbox 391 1775 572 1860; x_wconf 88' lang='lat' dir='ltr'>speculanti</span> <span class='ocrx_word' id='word_1_109' title='bbox 598 1776 662 1840; x_wconf 91' lang='lat' dir='ltr'>iter</span> <span class='ocrx_word' id='word_1_110' title='bbox 684 1798 779 1839; x_wconf 91' lang='lat' dir='ltr'>suum</span> <span class='ocrx_word' id='word_1_111' title='bbox 807 1776 974 1862; x_wconf 86' lang='lat' dir='ltr'>cognitum</span> <span class='ocrx_word' id='word_1_112' title='bbox 997 1781 1092 1842; x_wconf 89' lang='lat' dir='ltr'>esset.</span> <span class='ocrx_word' id='word_1_113' title='bbox 1140 1783 1219 1844; x_wconf 85' lang='lat' dir='ltr'>cete</span> 
     </span>
     <span class='ocr_line' id='line_1_17' title="bbox 214 1863 1219 1949; baseline 0.006 -22"><span class='ocrx_word' id='word_1_114' title='bbox 214 1885 286 1928; x_wconf 92' lang='lat' dir='ltr'>rum</span> <span class='ocrx_word' id='word_1_115' title='bbox 314 1863 467 1947; x_wconf 90' lang='lat' dir='ltr'>quoniam</span> <span class='ocrx_word' id='word_1_116' title='bbox 492 1884 596 1946; x_wconf 88' lang='lat' dir='ltr'>neque</span> <span class='ocrx_word' id='word_1_117' title='bbox 624 1863 791 1949; x_wconf 87' lang='lat' dir='ltr'>ingentem</span> <span class='ocrx_word' id='word_1_118' title='bbox 818 1864 1062 1930; x_wconf 89' lang='lat' dir='ltr'>multitudinem</span> <span class='ocrx_word' id='word_1_119' title='bbox 1083 1866 1219 1933; x_wconf 88' lang='lat' dir='ltr'>haberet</span> 
     </span>
     <span class='ocr_line' id='line_1_18' title="bbox 214 1951 1219 2038; baseline 0.005 -22"><span class='ocrx_word' id='word_1_120' title='bbox 214 1955 248 2016; x_wconf 89' lang='lat' dir='ltr'>et</span> <span class='ocrx_word' id='word_1_121' title='bbox 271 1973 344 2036; x_wconf 89' lang='lat' dir='ltr'>spes</span> <span class='ocrx_word' id='word_1_122' title='bbox 368 1973 508 2035; x_wconf 88' lang='lat' dir='ltr'>opesque</span> <span class='ocrx_word' id='word_1_123' title='bbox 532 1951 600 2015; x_wconf 89' lang='lat' dir='ltr'>eius</span> <span class='ocrx_word' id='word_1_124' title='bbox 623 1973 662 2015; x_wconf 89' lang='lat' dir='ltr'>ex</span> <span class='ocrx_word' id='word_1_125' title='bbox 683 1955 777 2035; x_wconf 89' lang='lat' dir='ltr'>patre</span> <span class='ocrx_word' id='word_1_126' title='bbox 801 1974 859 2017; x_wconf 90' lang='lat' dir='ltr'>suc</span> <span class='ocrx_word' id='word_1_127' title='bbox 883 1953 1068 2038; x_wconf 88' lang='lat' dir='ltr'>penderent,</span> <span class='ocrx_word' id='word_1_128' title='bbox 1091 1956 1219 2021; x_wconf 85' lang='lat' dir='ltr'>credere</span> 
     </span>
     <span class='ocr_line' id='line_1_19' title="bbox 213 2039 1219 2124; baseline 0.004 -20"><span class='ocrx_word' id='word_1_129' title='bbox 213 2040 307 2104; x_wconf 91' lang='lat' dir='ltr'>illum</span> <span class='ocrx_word' id='word_1_130' title='bbox 328 2039 411 2104; x_wconf 91' lang='lat' dir='ltr'>nihil</span> <span class='ocrx_word' id='word_1_131' title='bbox 433 2040 542 2123; x_wconf 90' lang='lat' dir='ltr'>palam</span> <span class='ocrx_word' id='word_1_132' title='bbox 565 2061 727 2123; x_wconf 88' lang='lat' dir='ltr'>ausurum,</span> <span class='ocrx_word' id='word_1_133' title='bbox 751 2041 915 2124; x_wconf 90' lang='lat' dir='ltr'>cumipse</span> <span class='ocrx_word' id='word_1_134' title='bbox 938 2041 1024 2107; x_wconf 86' lang='lat' dir='ltr'>filius</span> <span class='ocrx_word' id='word_1_135' title='bbox 1048 2044 1148 2108; x_wconf 89' lang='lat' dir='ltr'>testis</span> <span class='ocrx_word' id='word_1_136' title='bbox 1172 2045 1219 2108; x_wconf 89' lang='lat' dir='ltr'>ad-</span> 
     </span>
     <span class='ocr_line' id='line_1_20' title="bbox 178 2127 1218 2212; baseline 0.006 -20"><span class='ocrx_word' id='word_1_137' title='bbox 178 2133 308 2194; x_wconf 71' lang='lat' dir='ltr'>cesset.</span> <span class='ocrx_word' id='word_1_138' title='bbox 354 2149 474 2212; x_wconf 90' lang='lat' dir='ltr'>quare</span> <span class='ocrx_word' id='word_1_139' title='bbox 498 2132 668 2212; x_wconf 90' lang='lat' dir='ltr'>optumum</span> <span class='ocrx_word' id='word_1_140' title='bbox 694 2127 785 2192; x_wconf 86' lang='lat' dir='ltr'>factu</span> <span class='ocrx_word' id='word_1_141' title='bbox 811 2128 915 2193; x_wconf 81' lang='lat' dir='ltr'>videri</span> <span class='ocrx_word' id='word_1_142' title='bbox 940 2151 1000 2212; x_wconf 88' lang='lat' dir='ltr'>per</span> <span class='ocrx_word' id='word_1_143' title='bbox 1021 2130 1131 2195; x_wconf 89' lang='lat' dir='ltr'>media</span> <span class='ocrx_word' id='word_1_144' title='bbox 1154 2133 1218 2198; x_wconf 80' lang='lat' dir='ltr'>eius</span> 
     </span>
     <span class='ocr_line' id='line_1_21' title="bbox 213 2216 1219 2301; baseline 0.003 -19"><span class='ocrx_word' id='word_1_145' title='bbox 213 2221 321 2282; x_wconf 87' lang='lat' dir='ltr'>castra</span> <span class='ocrx_word' id='word_1_146' title='bbox 342 2218 452 2300; x_wconf 89' lang='lat' dir='ltr'>palam</span> <span class='ocrx_word' id='word_1_147' title='bbox 475 2216 627 2301; x_wconf 83' lang='lat' dir='ltr'>transire3</span> <span class='ocrx_word' id='word_1_148' title='bbox 657 2237 727 2280; x_wconf 87' lang='lat' dir='ltr'>sesa</span> <span class='ocrx_word' id='word_1_149' title='bbox 744 2217 796 2280; x_wconf 85' lang='lat' dir='ltr'>vel</span> <span class='ocrx_word' id='word_1_150' title='bbox 818 2217 1005 2299; x_wconf 86' lang='lat' dir='ltr'>praemissis</span> <span class='ocrx_word' id='word_1_151' title='bbox 1024 2217 1076 2282; x_wconf 82' lang='lat' dir='ltr'>vel</span> <span class='ocrx_word' id='word_1_152' title='bbox 1098 2219 1219 2285; x_wconf 90' lang='lat' dir='ltr'>ibidem</span> 
     </span>
     <span class='ocr_line' id='line_1_22' title="bbox 178 2302 1219 2373; baseline 0.002 -4"><span class='ocrx_word' id='word_1_153' title='bbox 178 2305 336 2369; x_wconf 81' lang='lat' dir='ltr'>crelictis</span> <span class='ocrx_word' id='word_1_154' title='bbox 360 2304 483 2369; x_wconf 91' lang='lat' dir='ltr'>Mauris</span> <span class='ocrx_word' id='word_1_155' title='bbox 507 2304 613 2369; x_wconf 91' lang='lat' dir='ltr'>solum</span> <span class='ocrx_word' id='word_1_156' title='bbox 643 2325 716 2368; x_wconf 92' lang='lat' dir='ltr'>cum</span> <span class='ocrx_word' id='word_1_157' title='bbox 741 2302 832 2367; x_wconf 83' lang='lat' dir='ltr'>Sulla</span> <span class='ocrx_word' id='word_1_158' title='bbox 858 2305 989 2370; x_wconf 78' lang='lat' dir='ltr'>iturum,</span> <span class='ocrx_word' id='word_1_159' title='bbox 1035 2327 1073 2370; x_wconf 90' lang='lat' dir='ltr'>ea</span> <span class='ocrx_word' id='word_1_160' title='bbox 1096 2329 1150 2372; x_wconf 90' lang='lat' dir='ltr'>res</span> <span class='ocrx_word' id='word_1_161' title='bbox 1173 2307 1219 2373; x_wconf 91' lang='lat' dir='ltr'>uti</span> 
     </span>
     <span class='ocr_line' id='line_1_23' title="bbox 213 2391 1219 2478; baseline 0.004 -23"><span class='ocrx_word' id='word_1_162' title='bbox 213 2391 248 2455; x_wconf 91' lang='lat' dir='ltr'>in</span> <span class='ocrx_word' id='word_1_163' title='bbox 270 2391 331 2455; x_wconf 90' lang='lat' dir='ltr'>tali</span> <span class='ocrx_word' id='word_1_164' title='bbox 356 2391 489 2477; x_wconf 87' lang='lat' dir='ltr'>negotio</span> <span class='ocrx_word' id='word_1_165' title='bbox 517 2392 669 2474; x_wconf 80' lang='lat' dir='ltr'>probata3</span> <span class='ocrx_word' id='word_1_166' title='bbox 701 2413 739 2456; x_wconf 90' lang='lat' dir='ltr'>ac</span> <span class='ocrx_word' id='word_1_167' title='bbox 762 2392 876 2457; x_wconf 84' lang='lat' dir='ltr'>statim</span> <span class='ocrx_word' id='word_1_168' title='bbox 897 2392 1049 2477; x_wconf 86' lang='lat' dir='ltr'>profecti,</span> <span class='ocrx_word' id='word_1_169' title='bbox 1078 2395 1158 2478; x_wconf 87' lang='lat' dir='ltr'>quia</span> <span class='ocrx_word' id='word_1_170' title='bbox 1183 2396 1219 2460; x_wconf 89' lang='lat' dir='ltr'>dc</span> 
     </span>
     <span class='ocr_line' id='line_1_24' title="bbox 213 2477 1220 2568; baseline 0.007 -27"><span class='ocrx_word' id='word_1_171' title='bbox 213 2478 378 2562; x_wconf 83' lang='lat' dir='ltr'>inproviso</span> <span class='ocrx_word' id='word_1_172' title='bbox 402 2477 593 2562; x_wconf 89' lang='lat' dir='ltr'>acciderant,</span> <span class='ocrx_word' id='word_1_173' title='bbox 616 2479 714 2543; x_wconf 89' lang='lat' dir='ltr'>dubio</span> <span class='ocrx_word' id='word_1_174' title='bbox 738 2483 836 2563; x_wconf 89' lang='lat' dir='ltr'>atque</span> <span class='ocrx_word' id='word_1_175' title='bbox 858 2480 1041 2545; x_wconf 84' lang='lat' dir='ltr'>haesitante</span> <span class='ocrx_word' id='word_1_176' title='bbox 1058 2480 1220 2568; x_wconf 84' lang='lat' dir='ltr'>Iugurtha</span> 
     </span>
    </p>

    <p class='ocr_par' dir='ltr' id='par_1_6' title="bbox 179 2566 1220 2739">
     <span class='ocr_line' id='line_1_25' title="bbox 179 2566 1220 2652; baseline 0.004 -19"><span class='ocrx_word' id='word_1_177' title='bbox 179 2583 194 2633; x_wconf 76' lang='lat'>‘1</span> <span class='ocrx_word' id='word_1_178' title='bbox 213 2566 391 2631; x_wconf 87' lang='lat' dir='ltr'>incolumes</span> <span class='ocrx_word' id='word_1_179' title='bbox 413 2570 593 2631; x_wconf 90' lang='lat' dir='ltr'>transeunt.</span> <span class='ocrx_word' id='word_1_180' title='bbox 626 2566 738 2631; x_wconf 90' lang='lat' dir='ltr'>deinde</span> <span class='ocrx_word' id='word_1_181' title='bbox 757 2568 870 2652; x_wconf 87' lang='lat' dir='ltr'>paucis</span> <span class='ocrx_word' id='word_1_182' title='bbox 888 2569 1002 2633; x_wconf 90' lang='lat' dir='ltr'>diebus</span> <span class='ocrx_word' id='word_1_183' title='bbox 1024 2590 1088 2652; x_wconf 90' lang='lat' dir='ltr'>quo</span> <span class='ocrx_word' id='word_1_184' title='bbox 1107 2571 1157 2637; x_wconf 89' lang='lat' dir='ltr'>ire</span> <span class='ocrx_word' id='word_1_185' title='bbox 1175 2572 1220 2636; x_wconf 91' lang='lat' dir='ltr'>in-</span> 
     </span>
     <span class='ocr_line' id='line_1_26' title="bbox 213 2656 690 2739; baseline -0.002 -20"><span class='ocrx_word' id='word_1_186' title='bbox 213 2656 393 2739; x_wconf 90' lang='lat' dir='ltr'>tenderant,</span> <span class='ocrx_word' id='word_1_187' title='bbox 415 2659 606 2739; x_wconf 83' lang='lat' dir='ltr'>perventum</span> <span class='ocrx_word' id='word_1_188' title='bbox 632 2658 690 2719; x_wconf 91' lang='lat' dir='ltr'>est.</span> 
     </span>
    </p>

    <p class='ocr_par' dir='ltr' id='par_1_7' title="bbox 137 2742 1220 3272">
     <span class='ocr_line' id='line_1_27' title="bbox 137 2742 1219 2828; baseline 0.004 -20"><span class='ocrx_word' id='word_1_189' title='bbox 137 2743 199 2810; x_wconf 88' lang='grc'>108</span> <span class='ocrx_word' id='word_1_190' title='bbox 279 2742 331 2808; x_wconf 89' lang='lat' dir='ltr'>Ibi</span> <span class='ocrx_word' id='word_1_191' title='bbox 359 2767 433 2809; x_wconf 90' lang='lat' dir='ltr'>cum</span> <span class='ocrx_word' id='word_1_192' title='bbox 459 2743 589 2809; x_wconf 90' lang='lat' dir='ltr'>Boccho</span> <span class='ocrx_word' id='word_1_193' title='bbox 616 2742 760 2808; x_wconf 89' lang='lat' dir='ltr'>Numida</span> <span class='ocrx_word' id='word_1_194' title='bbox 792 2744 922 2828; x_wconf 89' lang='lat' dir='ltr'>quidam</span> <span class='ocrx_word' id='word_1_195' title='bbox 949 2743 1057 2828; x_wconf 84' lang='lat' dir='ltr'>Aspar</span> <span class='ocrx_word' id='word_1_196' title='bbox 1087 2748 1219 2812; x_wconf 90' lang='lat' dir='ltr'>nominc</span> 
     </span>
     <span class='ocr_line' id='line_1_28' title="bbox 213 2831 1219 2920; baseline 0.005 -24"><span class='ocrx_word' id='word_1_197' title='bbox 213 2832 353 2896; x_wconf 92' lang='lat' dir='ltr'>multum</span> <span class='ocrx_word' id='word_1_198' title='bbox 368 2837 401 2896; x_wconf 89' lang='lat' dir='ltr'>et</span> <span class='ocrx_word' id='word_1_199' title='bbox 412 2831 618 2897; x_wconf 86' lang='lat' dir='ltr'>familiariter</span> <span class='ocrx_word' id='word_1_200' title='bbox 632 2834 760 2917; x_wconf 86' lang='lat' dir='ltr'>agebat,</span> <span class='ocrx_word' id='word_1_201' title='bbox 778 2833 975 2916; x_wconf 89' lang='lat' dir='ltr'>praemissus</span> <span class='ocrx_word' id='word_1_202' title='bbox 995 2833 1035 2897; x_wconf 91' lang='lat' dir='ltr'>ab</span> <span class='ocrx_word' id='word_1_203' title='bbox 1050 2833 1219 2920; x_wconf 79' lang='lat' dir='ltr'>Iugurtha,</span> 
     </span>
     <span class='ocr_line' id='line_1_29' title="bbox 211 2919 1219 3003; baseline 0.006 -20"><span class='ocrx_word' id='word_1_204' title='bbox 211 2923 387 3003; x_wconf 87' lang='lat' dir='ltr'>postquam</span> <span class='ocrx_word' id='word_1_205' title='bbox 411 2919 536 2984; x_wconf 84' lang='lat' dir='ltr'>Sullam</span> <span class='ocrx_word' id='word_1_206' title='bbox 558 2919 699 2984; x_wconf 88' lang='lat' dir='ltr'>accitum</span> <span class='ocrx_word' id='word_1_207' title='bbox 722 2920 878 3003; x_wconf 89' lang='lat' dir='ltr'>audierat,</span> <span class='ocrx_word' id='word_1_208' title='bbox 902 2924 1013 2985; x_wconf 90' lang='lat' dir='ltr'>orator</span> <span class='ocrx_word' id='word_1_209' title='bbox 1031 2925 1065 2985; x_wconf 89' lang='lat' dir='ltr'>et</span> <span class='ocrx_word' id='word_1_210' title='bbox 1084 2923 1219 2989; x_wconf 86' lang='lat' dir='ltr'>subdole</span> 
     </span>
     <span class='ocr_line' id='line_1_30' title="bbox 213 3007 1220 3094; baseline 0.007 -24"><span class='ocrx_word' id='word_1_211' title='bbox 213 3008 415 3090; x_wconf 80' lang='lat' dir='ltr'>speculatum</span> <span class='ocrx_word' id='word_1_212' title='bbox 437 3007 559 3072; x_wconf 90' lang='lat' dir='ltr'>Bocchi</span> <span class='ocrx_word' id='word_1_213' title='bbox 582 3008 730 3093; x_wconf 83' lang='lat' dir='ltr'>consilia3</span> <span class='ocrx_word' id='word_1_214' title='bbox 758 3011 927 3092; x_wconf 88' lang='lat' dir='ltr'>praeterea</span> <span class='ocrx_word' id='word_1_215' title='bbox 948 3007 1072 3094; x_wconf 87' lang='lat' dir='ltr'>Dabar,</span> <span class='ocrx_word' id='word_1_216' title='bbox 1095 3008 1220 3077; x_wconf 89' lang='lat' dir='ltr'>Massu-</span> 
     </span>
     <span class='ocr_line' id='line_1_31' title="bbox 213 3094 1219 3182; baseline 0.006 -24"><span class='ocrx_word' id='word_1_217' title='bbox 213 3095 330 3181; x_wconf 85' lang='lat' dir='ltr'>gradae</span> <span class='ocrx_word' id='word_1_218' title='bbox 352 3095 449 3179; x_wconf 90' lang='lat' dir='ltr'>filius,</span> <span class='ocrx_word' id='word_1_219' title='bbox 472 3116 511 3159; x_wconf 83' lang='lat' dir='ltr'>ex</span> <span class='ocrx_word' id='word_1_220' title='bbox 533 3099 629 3181; x_wconf 87' lang='lat' dir='ltr'>gente</span> <span class='ocrx_word' id='word_1_221' title='bbox 651 3094 852 3180; x_wconf 85' lang='lat' dir='ltr'>Masinissae,</span> <span class='ocrx_word' id='word_1_222' title='bbox 876 3100 1019 3161; x_wconf 88' lang='lat' dir='ltr'>ceterum</span> <span class='ocrx_word' id='word_1_223' title='bbox 1042 3097 1137 3182; x_wconf 91' lang='lat' dir='ltr'>inpar</span> <span class='ocrx_word' id='word_1_224' title='bbox 1156 3122 1219 3164; x_wconf 87' lang='lat' dir='ltr'>ma·</span> 
     </span>
     <span class='ocr_line' id='line_1_32' title="bbox 213 3180 1219 3272; baseline 0.005 -24"><span class='ocrx_word' id='word_1_225' title='bbox 213 3189 305 3248; x_wconf 89' lang='lat' dir='ltr'>terno</span> <span class='ocrx_word' id='word_1_226' title='bbox 325 3204 441 3269; x_wconf 83' lang='lat' dir='ltr'>genere</span> <span class='ocrx_word' id='word_1_227' title='bbox 462 3180 550 3268; x_wconf 90' lang='lat' dir='ltr'>(nam</span> <span class='ocrx_word' id='word_1_228' title='bbox 568 3187 662 3266; x_wconf 90' lang='lat' dir='ltr'>pater</span> <span class='ocrx_word' id='word_1_229' title='bbox 680 3184 748 3249; x_wconf 90' lang='lat' dir='ltr'>eius</span> <span class='ocrx_word' id='word_1_230' title='bbox 768 3206 806 3248; x_wconf 87' lang='lat' dir='ltr'>ex</span> <span class='ocrx_word' id='word_1_231' title='bbox 825 3184 1004 3250; x_wconf 87' lang='lat' dir='ltr'>concubina</span> <span class='ocrx_word' id='word_1_232' title='bbox 1018 3188 1110 3250; x_wconf 88' lang='lat' dir='ltr'>ortus</span> <span class='ocrx_word' id='word_1_233' title='bbox 1125 3187 1219 3272; x_wconf 90' lang='lat' dir='ltr'>erat),</span> 
     </span>
    </p>

    <p class='ocr_par' dir='ltr' id='par_1_8' title="bbox 178 3270 1220 3360">
     <span class='ocr_line' id='line_1_33' title="bbox 178 3270 1220 3360; baseline 0.006 -24"><span class='ocrx_word' id='word_1_234' title='bbox 178 3289 193 3336; x_wconf 83' lang='lat' dir='ltr'>a</span> <span class='ocrx_word' id='word_1_235' title='bbox 212 3272 327 3337; x_wconf 87' lang='lat' dir='ltr'>Mauro</span> <span class='ocrx_word' id='word_1_236' title='bbox 348 3272 389 3336; x_wconf 92' lang='lat' dir='ltr'>ob</span> <span class='ocrx_word' id='word_1_237' title='bbox 407 3270 518 3358; x_wconf 89' lang='lat' dir='ltr'>ingeni</span> <span class='ocrx_word' id='word_1_238' title='bbox 536 3272 640 3335; x_wconf 91' lang='lat' dir='ltr'>multa</span> <span class='ocrx_word' id='word_1_239' title='bbox 658 3272 744 3336; x_wconf 86' lang='lat' dir='ltr'>bona</span> <span class='ocrx_word' id='word_1_240' title='bbox 762 3294 854 3337; x_wconf 89' lang='lat' dir='ltr'>carus</span> <span class='ocrx_word' id='word_1_241' title='bbox 874 3276 1099 3357; x_wconf 89' lang='lat' dir='ltr'>acceptusque.</span> <span class='ocrx_word' id='word_1_242' title='bbox 1123 3297 1220 3360; x_wconf 88' lang='lat' dir='ltr'>quem</span> 
     </span>
    </p>

    <p class='ocr_par' dir='ltr' id='par_1_9' title="bbox 212 3359 1219 3446">
     <span class='ocr_line' id='line_1_34' title="bbox 212 3359 1219 3446; baseline 0.003 -20"><span class='ocrx_word' id='word_1_243' title='bbox 212 3360 361 3426; x_wconf 88' lang='lat' dir='ltr'>Bocchus</span> <span class='ocrx_word' id='word_1_244' title='bbox 388 3360 489 3426; x_wconf 93' lang='lat' dir='ltr'>fidum</span> <span class='ocrx_word' id='word_1_245' title='bbox 512 3381 581 3424; x_wconf 89' lang='lat' dir='ltr'>esse</span> <span class='ocrx_word' id='word_1_246' title='bbox 610 3359 766 3424; x_wconf 87' lang='lat' dir='ltr'>Romanis</span> <span class='ocrx_word' id='word_1_247' title='bbox 796 3360 909 3425; x_wconf 91' lang='lat' dir='ltr'>multis</span> <span class='ocrx_word' id='word_1_248' title='bbox 942 3365 1017 3425; x_wconf 89' lang='lat' dir='ltr'>ante</span> <span class='ocrx_word' id='word_1_249' title='bbox 1044 3365 1219 3446; x_wconf 88' lang='lat' dir='ltr'>tempesta·</span> 
     </span>
    </p>

    <p class='ocr_par' dir='ltr' id='par_1_10' title="bbox 212 3446 1219 3711">
     <span class='ocr_line' id='line_1_35' title="bbox 213 3446 1219 3537; baseline 0.004 -25"><span class='ocrx_word' id='word_1_250' title='bbox 213 3450 302 3514; x_wconf 90' lang='lat' dir='ltr'>tibus</span> <span class='ocrx_word' id='word_1_251' title='bbox 326 3453 477 3533; x_wconf 81' lang='lat' dir='ltr'>expertus</span> <span class='ocrx_word' id='word_1_252' title='bbox 499 3447 575 3513; x_wconf 89' lang='lat' dir='ltr'>ilico</span> <span class='ocrx_word' id='word_1_253' title='bbox 599 3448 640 3512; x_wconf 90' lang='lat' dir='ltr'>ad</span> <span class='ocrx_word' id='word_1_254' title='bbox 664 3446 789 3512; x_wconf 80' lang='lat' dir='ltr'>Sullam</span> <span class='ocrx_word' id='word_1_255' title='bbox 810 3448 999 3514; x_wconf 90' lang='lat' dir='ltr'>nuntiatum</span> <span class='ocrx_word' id='word_1_256' title='bbox 1022 3449 1143 3515; x_wconf 88' lang='lat' dir='ltr'>mittit:</span> <span class='ocrx_word' id='word_1_257' title='bbox 1166 3475 1219 3537; x_wconf 75' lang='lat' dir='ltr'>pa</span> 
     </span>
     <span class='ocr_line' id='line_1_36' title="bbox 212 3536 1218 3620; baseline 0.007 -21"><span class='ocrx_word' id='word_1_258' title='bbox 212 3540 321 3600; x_wconf 91' lang='lat' dir='ltr'>ratum</span> <span class='ocrx_word' id='word_1_259' title='bbox 344 3559 414 3602; x_wconf 85' lang='lat' dir='ltr'>sese</span> <span class='ocrx_word' id='word_1_260' title='bbox 437 3536 543 3601; x_wconf 85' lang='lat' dir='ltr'>facere</span> <span class='ocrx_word' id='word_1_261' title='bbox 567 3558 649 3619; x_wconf 92' lang='lat' dir='ltr'>quae</span> <span class='ocrx_word' id='word_1_262' title='bbox 666 3536 807 3620; x_wconf 90' lang='lat' dir='ltr'>populus</span> <span class='ocrx_word' id='word_1_263' title='bbox 825 3536 992 3602; x_wconf 88' lang='lat' dir='ltr'>Romanus</span> <span class='ocrx_word' id='word_1_264' title='bbox 1011 3537 1124 3604; x_wconf 82' lang='lat' dir='ltr'>vellet:</span> <span class='ocrx_word' id='word_1_265' title='bbox 1148 3563 1218 3606; x_wconf 84' lang='lat' dir='ltr'>cou-</span> 
     </span>
     <span class='ocr_line' id='line_1_37' title="bbox 212 3624 1218 3711; baseline 0.008 -24"><span class='ocrx_word' id='word_1_266' title='bbox 212 3624 323 3708; x_wconf 89' lang='lat' dir='ltr'>lcquio</span> <span class='ocrx_word' id='word_1_267' title='bbox 337 3624 423 3689; x_wconf 88' lang='lat' dir='ltr'>diem</span> <span class='ocrx_word' id='word_1_268' title='bbox 440 3625 548 3690; x_wconf 88' lang='lat' dir='ltr'>locum</span> <span class='ocrx_word' id='word_1_269' title='bbox 562 3627 691 3708; x_wconf 90' lang='lat' dir='ltr'>tempus</span> <span class='ocrx_word' id='word_1_270' title='bbox 704 3625 774 3709; x_wconf 89' lang='lat' dir='ltr'>ipse</span> <span class='ocrx_word' id='word_1_271' title='bbox 789 3625 960 3711; x_wconf 79' lang='lat' dir='ltr'>delegaret.</span> <span class='ocrx_word' id='word_1_272' title='bbox 984 3627 1134 3692; x_wconf 89' lang='lat' dir='ltr'>consulto</span> <span class='ocrx_word' id='word_1_273' title='bbox 1150 3649 1218 3695; x_wconf 88' lang='lat' dir='ltr'>sesa</span> 
     </span>
    </p>
   </div>
   <div class='ocr_carea' id='block_1_3' title="bbox 74 3816 207 3928">
    <p class='ocr_par' dir='ltr' id='par_1_11' title="bbox 74 3816 207 3928">
     <span class='ocr_line' id='line_1_38' title="bbox 74 3816 207 3928; baseline -0.015 1"><span class='ocrx_word' id='word_1_274' title='bbox 74 3816 207 3928; x_wconf 58' lang='grc' dir='ltr'>’ἲ</span> 
     </span>
    </p>
   </div>
   <div class='ocr_carea' id='block_1_4' title="bbox 0 0 1281 4192">
    <p class='ocr_par' dir='ltr' id='par_1_12' title="bbox 0 0 1281 4192">
     <span class='ocr_line' id='line_1_39' title="bbox 0 0 1281 4192; baseline 0 0"><span class='ocrx_word' id='word_1_275' title='bbox 0 0 1281 4192; x_wconf 95' lang='lat' dir='ltr'> </span> 
     </span>
    </p>
   </div>
  </div>
 </body>
</html>
