<?xml version="1.0" encoding="UTF-8"?>
<!DOCTYPE html PUBLIC "-//W3C//DTD XHTML 1.0 Transitional//EN"
    "http://www.w3.org/TR/xhtml1/DTD/xhtml1-transitional.dtd">
<html xmlns="http://www.w3.org/1999/xhtml" xml:lang="en" lang="en">
 <head>
  <title>
</title>
<meta http-equiv="Content-Type" content="text/html;charset=utf-8" />
  <meta name='ocr-system' content='tesseract 3.04.00' />
  <meta name='ocr-capabilities' content='ocr_page ocr_carea ocr_par ocr_line ocrx_word'/>
</head>
<body>
  <div class='ocr_page' id='page_1' title='image "./catilinajugurth00sallgoog_0041.png"; bbox 0 0 2542 4192; ppageno 0'>
   <div class='ocr_carea' id='block_1_1' title="bbox 213 264 890 332">
    <p class='ocr_par' dir='ltr' id='par_1_1' title="bbox 213 264 890 332">
     <span class='ocr_line' id='line_1_1' title="bbox 213 264 890 332; baseline 0.001 -13"><span class='ocrx_word' id='word_1_1' title='bbox 213 269 254 332; x_wconf 82' lang='lat'>12</span> <span class='ocrx_word' id='word_1_2' title='bbox 538 264 567 321; x_wconf 83' lang='grc' dir='ltr'>Ο.</span> <span class='ocrx_word' id='word_1_3' title='bbox 587 264 756 320; x_wconf 81' lang='lat' dir='ltr'>SALLUSTI</span> <span class='ocrx_word' id='word_1_4' title='bbox 775 264 890 320; x_wconf 80' lang='lat' dir='ltr'>CRISPI</span> 
     </span>
    </p>
   </div>
   <div class='ocr_carea' id='block_1_2' title="bbox 154 410 1258 3657">
    <p class='ocr_par' dir='ltr' id='par_1_2' title="bbox 154 410 1258 3657">
     <span class='ocr_line' id='line_1_2' title="bbox 172 410 1219 496; baseline 0.001 -19"><span class='ocrx_word' id='word_1_5' title='bbox 172 413 334 496; x_wconf 81' lang='lat' dir='ltr'>4tellexi3</span> <span class='ocrx_word' id='word_1_6' title='bbox 360 434 436 476; x_wconf 90' lang='lat' dir='ltr'>nam</span> <span class='ocrx_word' id='word_1_7' title='bbox 458 411 545 475; x_wconf 92' lang='lat' dir='ltr'>idem</span> <span class='ocrx_word' id='word_1_8' title='bbox 567 410 650 474; x_wconf 83' lang='lat' dir='ltr'>velle</span> <span class='ocrx_word' id='word_1_9' title='bbox 674 414 773 493; x_wconf 88' lang='lat' dir='ltr'>atque</span> <span class='ocrx_word' id='word_1_10' title='bbox 796 410 881 475; x_wconf 91' lang='lat' dir='ltr'>idem</span> <span class='ocrx_word' id='word_1_11' title='bbox 903 412 1005 496; x_wconf 92' lang='lat' dir='ltr'>nolle,</span> <span class='ocrx_word' id='word_1_12' title='bbox 1028 433 1065 476; x_wconf 88' lang='lat' dir='ltr'>ea</span> <span class='ocrx_word' id='word_1_13' title='bbox 1088 414 1219 478; x_wconf 91' lang='lat' dir='ltr'>demum</span> 
     </span>
     <span class='ocr_line' id='line_1_3' title="bbox 208 499 543 565; baseline -0.009 0"><span class='ocrx_word' id='word_1_14' title='bbox 208 503 303 565; x_wconf 91' lang='lat' dir='ltr'>firma</span> <span class='ocrx_word' id='word_1_15' title='bbox 321 499 466 564; x_wconf 88' lang='lat' dir='ltr'>amicitia</span> <span class='ocrx_word' id='word_1_16' title='bbox 484 503 543 564; x_wconf 89' lang='lat' dir='ltr'>est.</span> 
     </span>
     <span class='ocr_line' id='line_1_4' title="bbox 174 586 1219 674; baseline 0 -21"><span class='ocrx_word' id='word_1_17' title='bbox 174 603 190 652; x_wconf 82' lang='lat'>5</span> <span class='ocrx_word' id='word_1_18' title='bbox 277 587 339 652; x_wconf 81' lang='lat' dir='ltr'>Sed</span> <span class='ocrx_word' id='word_1_19' title='bbox 354 609 414 674; x_wconf 88' lang='lat' dir='ltr'>ego</span> <span class='ocrx_word' id='word_1_20' title='bbox 429 609 510 671; x_wconf 92' lang='lat' dir='ltr'>quae</span> <span class='ocrx_word' id='word_1_21' title='bbox 525 591 633 651; x_wconf 89' lang='lat' dir='ltr'>mente</span> <span class='ocrx_word' id='word_1_22' title='bbox 648 586 780 671; x_wconf 79' lang='lat' dir='ltr'>agitari,</span> <span class='ocrx_word' id='word_1_23' title='bbox 795 609 905 651; x_wconf 88' lang='lat' dir='ltr'>omnes</span> <span class='ocrx_word' id='word_1_24' title='bbox 915 588 981 651; x_wconf 91' lang='lat' dir='ltr'>iam</span> <span class='ocrx_word' id='word_1_25' title='bbox 991 591 1087 652; x_wconf 90' lang='lat' dir='ltr'>antea</span> <span class='ocrx_word' id='word_1_26' title='bbox 1097 589 1219 653; x_wconf 84' lang='lat' dir='ltr'><strong>divorsi</strong></span> 
     </span>
     <span class='ocr_line' id='line_1_5' title="bbox 173 673 1258 760; baseline -0.002 -18"><span class='ocrx_word' id='word_1_27' title='bbox 173 693 190 742; x_wconf 80' lang='grc'><strong>6</strong></span> <span class='ocrx_word' id='word_1_28' title='bbox 210 676 356 741; x_wconf 88' lang='lat' dir='ltr'>audistis.</span> <span class='ocrx_word' id='word_1_29' title='bbox 385 679 529 740; x_wconf 88' lang='lat' dir='ltr'>ceterum</span> <span class='ocrx_word' id='word_1_30' title='bbox 543 675 623 738; x_wconf 91' lang='lat' dir='ltr'>mihi</span> <span class='ocrx_word' id='word_1_31' title='bbox 637 673 672 739; x_wconf 90' lang='lat' dir='ltr'>in</span> <span class='ocrx_word' id='word_1_32' title='bbox 687 674 754 738; x_wconf 89' lang='lat' dir='ltr'>dies</span> <span class='ocrx_word' id='word_1_33' title='bbox 769 675 874 760; x_wconf 86' lang='lat' dir='ltr'>magis</span> <span class='ocrx_word' id='word_1_34' title='bbox 887 675 1013 739; x_wconf 88' lang='lat' dir='ltr'>animus</span> <span class='ocrx_word' id='word_1_35' title='bbox 1024 676 1219 760; x_wconf 71' lang='lat' dir='ltr'>accenditur,</span> <span class='ocrx_word' id='word_1_36' title='bbox 1255 690 1258 696; x_wconf 73' lang='grc'>“</span> 
     </span>
     <span class='ocr_line' id='line_1_6' title="bbox 210 762 1220 848; baseline -0.002 -19"><span class='ocrx_word' id='word_1_37' title='bbox 210 787 284 829; x_wconf 91' lang='lat' dir='ltr'>cum</span> <span class='ocrx_word' id='word_1_38' title='bbox 294 763 472 848; x_wconf 88' lang='lat' dir='ltr'>considero,</span> <span class='ocrx_word' id='word_1_39' title='bbox 487 785 568 847; x_wconf 89' lang='lat' dir='ltr'>quae</span> <span class='ocrx_word' id='word_1_40' title='bbox 579 762 725 827; x_wconf 89' lang='lat' dir='ltr'>condicio</span> <span class='ocrx_word' id='word_1_41' title='bbox 735 762 821 827; x_wconf 83' lang='lat' dir='ltr'>vitae</span> <span class='ocrx_word' id='word_1_42' title='bbox 831 762 942 828; x_wconf 87' lang='lat' dir='ltr'>futura</span> <span class='ocrx_word' id='word_1_43' title='bbox 952 764 1004 847; x_wconf 91' lang='lat' dir='ltr'>sit,</span> <span class='ocrx_word' id='word_1_44' title='bbox 1015 763 1080 827; x_wconf 88' lang='lat' dir='ltr'>nisi</span> <span class='ocrx_word' id='word_1_45' title='bbox 1089 770 1220 829; x_wconf 79' lang='lat' dir='ltr'><strong>nosmet</strong></span> 
     </span>
     <span class='ocr_line' id='line_1_7' title="bbox 175 851 1219 936; baseline 0 -19"><span class='ocrx_word' id='word_1_46' title='bbox 175 867 191 916; x_wconf 73' lang='grc'><strong>7</strong></span> <span class='ocrx_word' id='word_1_47' title='bbox 210 853 274 936; x_wconf 92' lang='lat' dir='ltr'>ipsi</span> <span class='ocrx_word' id='word_1_48' title='bbox 284 851 733 917; x_wconf 81' lang='lat' dir='ltr'>vindicamusinlibertatem.</span> <span class='ocrx_word' id='word_1_49' title='bbox 756 872 832 914; x_wconf 92' lang='lat' dir='ltr'>nam</span> <span class='ocrx_word' id='word_1_50' title='bbox 841 855 1017 935; x_wconf 88' lang='lat' dir='ltr'>postquam</span> <span class='ocrx_word' id='word_1_51' title='bbox 1026 873 1077 914; x_wconf 89' lang='lat' dir='ltr'>res</span> <span class='ocrx_word' id='word_1_52' title='bbox 1086 852 1219 935; x_wconf 91' lang='lat' dir='ltr'>publica</span> 
     </span>
     <span class='ocr_line' id='line_1_8' title="bbox 210 939 1219 1024; baseline 0 -20"><span class='ocrx_word' id='word_1_53' title='bbox 210 941 245 1006; x_wconf 90' lang='lat' dir='ltr'>in</span> <span class='ocrx_word' id='word_1_54' title='bbox 267 962 445 1024; x_wconf 90' lang='lat' dir='ltr'>paucorum</span> <span class='ocrx_word' id='word_1_55' title='bbox 467 939 651 1024; x_wconf 88' lang='lat' dir='ltr'>potentium</span> <span class='ocrx_word' id='word_1_56' title='bbox 673 939 724 1002; x_wconf 89' lang='lat' dir='ltr'>ius</span> <span class='ocrx_word' id='word_1_57' title='bbox 749 942 845 1022; x_wconf 86' lang='lat' dir='ltr'>atque</span> <span class='ocrx_word' id='word_1_58' title='bbox 870 939 1029 1003; x_wconf 84' lang='lat' dir='ltr'>dicionem</span> <span class='ocrx_word' id='word_1_59' title='bbox 1050 941 1219 1024; x_wconf 76' lang='lat' dir='ltr'>concessit,</span> 
     </span>
     <span class='ocr_line' id='line_1_9' title="bbox 210 1026 1219 1112; baseline -0.002 -19"><span class='ocrx_word' id='word_1_60' title='bbox 210 1050 337 1112; x_wconf 85' lang='lat' dir='ltr'>semper</span> <span class='ocrx_word' id='word_1_61' title='bbox 354 1029 421 1092; x_wconf 90' lang='lat' dir='ltr'>illis</span> <span class='ocrx_word' id='word_1_62' title='bbox 440 1048 533 1112; x_wconf 87' lang='lat' dir='ltr'>reges</span> <span class='ocrx_word' id='word_1_63' title='bbox 552 1026 735 1090; x_wconf 74' lang='lat' dir='ltr'>tetrarchae</span> <span class='ocrx_word' id='word_1_64' title='bbox 749 1026 926 1111; x_wconf 85' lang='lat' dir='ltr'>vectigales</span> <span class='ocrx_word' id='word_1_65' title='bbox 941 1048 1020 1110; x_wconf 88' lang='lat' dir='ltr'>esse,</span> <span class='ocrx_word' id='word_1_66' title='bbox 1038 1027 1151 1112; x_wconf 93' lang='lat' dir='ltr'>populi</span> <span class='ocrx_word' id='word_1_67' title='bbox 1163 1050 1219 1092; x_wconf 89' lang='lat' dir='ltr'>na-</span> 
     </span>
     <span class='ocr_line' id='line_1_10' title="bbox 210 1115 1219 1200; baseline -0.003 -20"><span class='ocrx_word' id='word_1_68' title='bbox 210 1117 316 1181; x_wconf 89' lang='lat' dir='ltr'>tiones</span> <span class='ocrx_word' id='word_1_69' title='bbox 332 1115 493 1200; x_wconf 89' lang='lat' dir='ltr'>stipendia</span> <span class='ocrx_word' id='word_1_70' title='bbox 506 1115 658 1198; x_wconf 84' lang='lat' dir='ltr'>pendere3</span> <span class='ocrx_word' id='word_1_71' title='bbox 673 1115 772 1178; x_wconf 88' lang='lat' dir='ltr'>ceteri</span> <span class='ocrx_word' id='word_1_72' title='bbox 786 1136 907 1199; x_wconf 85' lang='lat' dir='ltr'>omncs,</span> <span class='ocrx_word' id='word_1_73' title='bbox 922 1115 1045 1180; x_wconf 88' lang='lat' dir='ltr'>strenui</span> <span class='ocrx_word' id='word_1_74' title='bbox 1059 1115 1146 1200; x_wconf 90' lang='lat' dir='ltr'>boni,</span> <span class='ocrx_word' id='word_1_75' title='bbox 1162 1135 1219 1180; x_wconf 87' lang='lat' dir='ltr'>uo-</span> 
     </span>
     <span class='ocr_line' id='line_1_11' title="bbox 209 1201 1219 1288; baseline -0.002 -19"><span class='ocrx_word' id='word_1_76' title='bbox 209 1204 292 1269; x_wconf 91' lang='lat' dir='ltr'>biles</span> <span class='ocrx_word' id='word_1_77' title='bbox 316 1208 413 1287; x_wconf 91' lang='lat' dir='ltr'>atque</span> <span class='ocrx_word' id='word_1_78' title='bbox 436 1203 608 1288; x_wconf 83' lang='lat' dir='ltr'>ignobiles,</span> <span class='ocrx_word' id='word_1_79' title='bbox 630 1202 746 1286; x_wconf 84' lang='lat' dir='ltr'>volgus</span> <span class='ocrx_word' id='word_1_80' title='bbox 769 1201 904 1287; x_wconf 89' lang='lat' dir='ltr'>fuimus,</span> <span class='ocrx_word' id='word_1_81' title='bbox 928 1203 996 1267; x_wconf 90' lang='lat' dir='ltr'>sine</span> <span class='ocrx_word' id='word_1_82' title='bbox 1019 1203 1126 1288; x_wconf 86' lang='lat' dir='ltr'>gratia</span> <span class='ocrx_word' id='word_1_83' title='bbox 1149 1203 1219 1268; x_wconf 87' lang='lat' dir='ltr'>sine</span> 
     </span>
     <span class='ocr_line' id='line_1_12' title="bbox 210 1290 1220 1376; baseline -0.002 -19"><span class='ocrx_word' id='word_1_84' title='bbox 210 1293 414 1374; x_wconf 87' lang='lat' dir='ltr'>auctoritate,</span> <span class='ocrx_word' id='word_1_85' title='bbox 438 1291 484 1355; x_wconf 90' lang='lat' dir='ltr'>eis</span> <span class='ocrx_word' id='word_1_86' title='bbox 504 1290 645 1376; x_wconf 86' lang='lat' dir='ltr'>obnoxii,</span> <span class='ocrx_word' id='word_1_87' title='bbox 669 1290 795 1374; x_wconf 89' lang='lat' dir='ltr'>quibus,</span> <span class='ocrx_word' id='word_1_88' title='bbox 819 1292 847 1354; x_wconf 89' lang='lat' dir='ltr'>si</span> <span class='ocrx_word' id='word_1_89' title='bbox 865 1312 917 1354; x_wconf 88' lang='lat' dir='ltr'>res</span> <span class='ocrx_word' id='word_1_90' title='bbox 936 1291 1067 1374; x_wconf 87' lang='lat' dir='ltr'>publica</span> <span class='ocrx_word' id='word_1_91' title='bbox 1087 1293 1220 1376; x_wconf 87' lang='lat' dir='ltr'>valeret,</span> 
     </span>
     <span class='ocr_line' id='line_1_13' title="bbox 174 1378 1220 1465; baseline 0.003 -25"><span class='ocrx_word' id='word_1_92' title='bbox 174 1391 191 1440; x_wconf 86' lang='lat'>8</span> <span class='ocrx_word' id='word_1_93' title='bbox 210 1378 376 1445; x_wconf 88' lang='lat' dir='ltr'>formidini</span> <span class='ocrx_word' id='word_1_94' title='bbox 390 1400 542 1443; x_wconf 88' lang='lat' dir='ltr'>essemus.</span> <span class='ocrx_word' id='word_1_95' title='bbox 574 1379 685 1462; x_wconf 90' lang='lat' dir='ltr'>itaque</span> <span class='ocrx_word' id='word_1_96' title='bbox 700 1379 804 1442; x_wconf 90' lang='lat' dir='ltr'>omnis</span> <span class='ocrx_word' id='word_1_97' title='bbox 820 1379 927 1465; x_wconf 84' lang='lat' dir='ltr'>gratia</span> <span class='ocrx_word' id='word_1_98' title='bbox 940 1379 1096 1464; x_wconf 90' lang='lat' dir='ltr'>potentia,</span> <span class='ocrx_word' id='word_1_99' title='bbox 1113 1379 1220 1443; x_wconf 92' lang='lat' dir='ltr'>honos</span> 
     </span>
     <span class='ocr_line' id='line_1_14' title="bbox 210 1466 1219 1552; baseline -0.001 -20"><span class='ocrx_word' id='word_1_100' title='bbox 210 1467 343 1532; x_wconf 82' lang='lat' dir='ltr'>divitiae</span> <span class='ocrx_word' id='word_1_101' title='bbox 367 1468 452 1550; x_wconf 90' lang='lat' dir='ltr'>apud</span> <span class='ocrx_word' id='word_1_102' title='bbox 474 1467 550 1532; x_wconf 90' lang='lat' dir='ltr'>illos</span> <span class='ocrx_word' id='word_1_103' title='bbox 575 1470 650 1531; x_wconf 89' lang='lat' dir='ltr'>sunt</span> <span class='ocrx_word' id='word_1_104' title='bbox 674 1471 731 1530; x_wconf 94' lang='lat' dir='ltr'>aut</span> <span class='ocrx_word' id='word_1_105' title='bbox 753 1467 811 1531; x_wconf 91' lang='lat' dir='ltr'>ubi</span> <span class='ocrx_word' id='word_1_106' title='bbox 833 1467 884 1531; x_wconf 92' lang='lat' dir='ltr'>illi</span> <span class='ocrx_word' id='word_1_107' title='bbox 906 1467 1033 1552; x_wconf 75' lang='lat' dir='ltr'>volunt,</span> <span class='ocrx_word' id='word_1_108' title='bbox 1055 1466 1150 1531; x_wconf 88' lang='lat' dir='ltr'>nobis</span> <span class='ocrx_word' id='word_1_109' title='bbox 1171 1489 1219 1531; x_wconf 86' lang='lat' dir='ltr'>re-</span> 
     </span>
     <span class='ocr_line' id='line_1_15' title="bbox 174 1554 1220 1640; baseline 0.001 -23"><span class='ocrx_word' id='word_1_110' title='bbox 174 1568 191 1617; x_wconf 82' lang='grc'>9</span> <span class='ocrx_word' id='word_1_111' title='bbox 210 1556 333 1640; x_wconf 90' lang='lat' dir='ltr'>liquere</span> <span class='ocrx_word' id='word_1_112' title='bbox 352 1555 496 1638; x_wconf 89' lang='lat' dir='ltr'>pericula</span> <span class='ocrx_word' id='word_1_113' title='bbox 514 1554 670 1638; x_wconf 88' lang='lat' dir='ltr'>repulsas,</span> <span class='ocrx_word' id='word_1_114' title='bbox 688 1555 807 1619; x_wconf 90' lang='lat' dir='ltr'>iudicia</span> <span class='ocrx_word' id='word_1_115' title='bbox 826 1559 1016 1640; x_wconf 86' lang='lat' dir='ltr'>egestatem.</span> <span class='ocrx_word' id='word_1_116' title='bbox 1053 1576 1134 1638; x_wconf 91' lang='lat' dir='ltr'>quae</span> <span class='ocrx_word' id='word_1_117' title='bbox 1154 1576 1220 1638; x_wconf 91' lang='lat' dir='ltr'>quo</span> 
     </span>
     <span class='ocr_line' id='line_1_16' title="bbox 208 1641 1220 1726; baseline -0.002 -19"><span class='ocrx_word' id='word_1_118' title='bbox 208 1666 311 1726; x_wconf 91' lang='lat' dir='ltr'>usque</span> <span class='ocrx_word' id='word_1_119' title='bbox 326 1644 458 1707; x_wconf 87' lang='lat' dir='ltr'>tandem</span> <span class='ocrx_word' id='word_1_120' title='bbox 469 1642 648 1726; x_wconf 91' lang='lat' dir='ltr'>patiemini,</span> <span class='ocrx_word' id='word_1_121' title='bbox 664 1664 682 1704; x_wconf 97' lang='lat'>0</span> <span class='ocrx_word' id='word_1_122' title='bbox 697 1641 879 1705; x_wconf 88' lang='lat' dir='ltr'>fortissumi</span> <span class='ocrx_word' id='word_1_123' title='bbox 893 1642 977 1706; x_wconf 83' lang='lat' dir='ltr'>viri?</span> <span class='ocrx_word' id='word_1_124' title='bbox 1001 1664 1107 1706; x_wconf 93' lang='lat' dir='ltr'>nonne</span> <span class='ocrx_word' id='word_1_125' title='bbox 1117 1641 1220 1707; x_wconf 86' lang='lat' dir='ltr'>emori</span> 
     </span>
     <span class='ocr_line' id='line_1_17' title="bbox 208 1729 1220 1815; baseline 0 -21"><span class='ocrx_word' id='word_1_126' title='bbox 208 1753 268 1815; x_wconf 89' lang='lat' dir='ltr'>per</span> <span class='ocrx_word' id='word_1_127' title='bbox 289 1731 445 1794; x_wconf 82' lang='lat' dir='ltr'>virtutem</span> <span class='ocrx_word' id='word_1_128' title='bbox 468 1731 614 1810; x_wconf 87' lang='lat' dir='ltr'>praestat</span> <span class='ocrx_word' id='word_1_129' title='bbox 638 1749 735 1809; x_wconf 91' lang='lat' dir='ltr'>quam</span> <span class='ocrx_word' id='word_1_130' title='bbox 757 1729 860 1792; x_wconf 84' lang='lat' dir='ltr'>vitam</span> <span class='ocrx_word' id='word_1_131' title='bbox 883 1729 1036 1792; x_wconf 89' lang='lat' dir='ltr'>miseram</span> <span class='ocrx_word' id='word_1_132' title='bbox 1057 1734 1155 1813; x_wconf 90' lang='lat' dir='ltr'>atque</span> <span class='ocrx_word' id='word_1_133' title='bbox 1173 1731 1220 1793; x_wconf 89' lang='lat' dir='ltr'>in·</span> 
     </span>
     <span class='ocr_line' id='line_1_18' title="bbox 208 1814 1221 1900; baseline 0 -19"><span class='ocrx_word' id='word_1_134' title='bbox 208 1818 394 1898; x_wconf 90' lang='lat' dir='ltr'>honestam,</span> <span class='ocrx_word' id='word_1_135' title='bbox 422 1814 480 1878; x_wconf 93' lang='lat' dir='ltr'>ubi</span> <span class='ocrx_word' id='word_1_136' title='bbox 507 1814 630 1878; x_wconf 90' lang='lat' dir='ltr'>alienae</span> <span class='ocrx_word' id='word_1_137' title='bbox 659 1814 829 1897; x_wconf 88' lang='lat' dir='ltr'>superbiae</span> <span class='ocrx_word' id='word_1_138' title='bbox 856 1815 997 1879; x_wconf 91' lang='lat' dir='ltr'>ludibrio</span> <span class='ocrx_word' id='word_1_139' title='bbox 1019 1815 1134 1899; x_wconf 89' lang='lat' dir='ltr'>fueris,</span> <span class='ocrx_word' id='word_1_140' title='bbox 1161 1839 1221 1900; x_wconf 88' lang='lat' dir='ltr'>per</span> 
     </span>
     <span class='ocr_line' id='line_1_19' title="bbox 157 1901 1220 1987; baseline 0.005 -24"><span class='ocrx_word' id='word_1_141' title='bbox 157 1916 190 1966; x_wconf 89' lang='lat'>10</span> <span class='ocrx_word' id='word_1_142' title='bbox 210 1905 346 1969; x_wconf 88' lang='lat' dir='ltr'>dedecus</span> <span class='ocrx_word' id='word_1_143' title='bbox 371 1901 544 1966; x_wconf 81' lang='lat' dir='ltr'>amittere?</span> <span class='ocrx_word' id='word_1_144' title='bbox 580 1923 692 1965; x_wconf 84' lang='lat' dir='ltr'>rerum</span> <span class='ocrx_word' id='word_1_145' title='bbox 716 1903 802 1965; x_wconf 88' lang='lat' dir='ltr'>enim</span> <span class='ocrx_word' id='word_1_146' title='bbox 819 1925 905 1987; x_wconf 84' lang='lat' dir='ltr'>vero,</span> <span class='ocrx_word' id='word_1_147' title='bbox 927 1925 987 1987; x_wconf 88' lang='lat' dir='ltr'>pro</span> <span class='ocrx_word' id='word_1_148' title='bbox 1007 1902 1101 1965; x_wconf 91' lang='lat' dir='ltr'>deum</span> <span class='ocrx_word' id='word_1_149' title='bbox 1121 1907 1220 1987; x_wconf 85' lang='lat' dir='ltr'>atquo</span> 
     </span>
     <span class='ocr_line' id='line_1_20' title="bbox 209 1990 1221 2076; baseline 0 -20"><span class='ocrx_word' id='word_1_150' title='bbox 209 1992 380 2056; x_wconf 91' lang='lat' dir='ltr'>hominum</span> <span class='ocrx_word' id='word_1_151' title='bbox 411 1990 522 2074; x_wconf 90' lang='lat' dir='ltr'>fidem,</span> <span class='ocrx_word' id='word_1_152' title='bbox 553 1990 691 2054; x_wconf 85' lang='lat' dir='ltr'>victoria</span> <span class='ocrx_word' id='word_1_153' title='bbox 724 1990 759 2053; x_wconf 91' lang='lat' dir='ltr'>in</span> <span class='ocrx_word' id='word_1_154' title='bbox 785 2012 883 2054; x_wconf 93' lang='lat' dir='ltr'>manu</span> <span class='ocrx_word' id='word_1_155' title='bbox 910 1991 1005 2055; x_wconf 91' lang='lat' dir='ltr'>nobis</span> <span class='ocrx_word' id='word_1_156' title='bbox 1034 1994 1097 2074; x_wconf 90' lang='lat' dir='ltr'>est,</span> <span class='ocrx_word' id='word_1_157' title='bbox 1128 1990 1221 2076; x_wconf 84' lang='lat' dir='ltr'>viget</span> 
     </span>
     <span class='ocr_line' id='line_1_21' title="bbox 209 2078 1220 2164; baseline -0.002 -19"><span class='ocrx_word' id='word_1_158' title='bbox 209 2084 313 2164; x_wconf 88' lang='lat' dir='ltr'>aetas,</span> <span class='ocrx_word' id='word_1_159' title='bbox 341 2079 468 2144; x_wconf 88' lang='lat' dir='ltr'>animus</span> <span class='ocrx_word' id='word_1_160' title='bbox 495 2078 596 2163; x_wconf 83' lang='lat' dir='ltr'>valet3</span> <span class='ocrx_word' id='word_1_161' title='bbox 624 2082 736 2142; x_wconf 91' lang='lat' dir='ltr'>contra</span> <span class='ocrx_word' id='word_1_162' title='bbox 762 2078 829 2143; x_wconf 89' lang='lat' dir='ltr'>illis</span> <span class='ocrx_word' id='word_1_163' title='bbox 858 2079 950 2143; x_wconf 88' lang='lat' dir='ltr'>annis</span> <span class='ocrx_word' id='word_1_164' title='bbox 974 2082 1071 2161; x_wconf 89' lang='lat' dir='ltr'>atque</span> <span class='ocrx_word' id='word_1_165' title='bbox 1096 2079 1220 2143; x_wconf 85' lang='lat' dir='ltr'>divitiis</span> 
     </span>
     <span class='ocr_line' id='line_1_22' title="bbox 209 2167 1220 2251; baseline -0.003 -18"><span class='ocrx_word' id='word_1_166' title='bbox 209 2169 319 2234; x_wconf 90' lang='lat' dir='ltr'>omnia</span> <span class='ocrx_word' id='word_1_167' title='bbox 342 2170 587 2232; x_wconf 88' lang='lat' dir='ltr'>consenuerunt.</span> <span class='ocrx_word' id='word_1_168' title='bbox 632 2170 761 2230; x_wconf 92' lang='lat' dir='ltr'>tantum</span> <span class='ocrx_word' id='word_1_169' title='bbox 789 2167 884 2231; x_wconf 94' lang='lat' dir='ltr'>modo</span> <span class='ocrx_word' id='word_1_170' title='bbox 910 2167 1039 2250; x_wconf 90' lang='lat' dir='ltr'>incepto</span> <span class='ocrx_word' id='word_1_171' title='bbox 1059 2189 1141 2250; x_wconf 88' lang='lat' dir='ltr'>opus</span> <span class='ocrx_word' id='word_1_172' title='bbox 1160 2172 1220 2251; x_wconf 89' lang='lat' dir='ltr'>est,</span> 
     </span>
     <span class='ocr_line' id='line_1_23' title="bbox 156 2255 1220 2339; baseline 0.002 -22"><span class='ocrx_word' id='word_1_173' title='bbox 156 2269 189 2317; x_wconf 91' lang='lat'>11</span> <span class='ocrx_word' id='word_1_174' title='bbox 210 2261 318 2322; x_wconf 89' lang='lat' dir='ltr'>cetera</span> <span class='ocrx_word' id='word_1_175' title='bbox 340 2277 391 2319; x_wconf 89' lang='lat' dir='ltr'>res</span> <span class='ocrx_word' id='word_1_176' title='bbox 410 2255 566 2338; x_wconf 84' lang='lat' dir='ltr'>expediet.</span> <span class='ocrx_word' id='word_1_177' title='bbox 603 2255 724 2318; x_wconf 90' lang='lat' dir='ltr'>etenim</span> <span class='ocrx_word' id='word_1_178' title='bbox 743 2255 815 2338; x_wconf 89' lang='lat' dir='ltr'>quis</span> <span class='ocrx_word' id='word_1_179' title='bbox 834 2255 1032 2339; x_wconf 90' lang='lat' dir='ltr'>mortalium,</span> <span class='ocrx_word' id='word_1_180' title='bbox 1056 2255 1107 2319; x_wconf 92' lang='lat' dir='ltr'>cui</span> <span class='ocrx_word' id='word_1_181' title='bbox 1126 2255 1220 2320; x_wconf 86' lang='lat' dir='ltr'>virile</span> 
     </span>
     <span class='ocr_line' id='line_1_24' title="bbox 210 2342 1219 2428; baseline 0 -21"><span class='ocrx_word' id='word_1_182' title='bbox 210 2343 378 2428; x_wconf 83' lang='lat' dir='ltr'>ingenium</span> <span class='ocrx_word' id='word_1_183' title='bbox 407 2347 470 2424; x_wconf 89' lang='lat' dir='ltr'>est,</span> <span class='ocrx_word' id='word_1_184' title='bbox 498 2343 637 2406; x_wconf 87' lang='lat' dir='ltr'>tolerare</span> <span class='ocrx_word' id='word_1_185' title='bbox 664 2346 775 2424; x_wconf 90' lang='lat' dir='ltr'>potest</span> <span class='ocrx_word' id='word_1_186' title='bbox 802 2342 868 2406; x_wconf 92' lang='lat' dir='ltr'>illis</span> <span class='ocrx_word' id='word_1_187' title='bbox 898 2343 1029 2407; x_wconf 88' lang='lat' dir='ltr'>divitias</span> <span class='ocrx_word' id='word_1_188' title='bbox 1058 2365 1219 2427; x_wconf 87' lang='lat' dir='ltr'>superare,</span> 
     </span>
     <span class='ocr_line' id='line_1_25' title="bbox 209 2429 1220 2514; baseline 0 -19"><span class='ocrx_word' id='word_1_189' title='bbox 209 2452 289 2514; x_wconf 91' lang='lat' dir='ltr'>quas</span> <span class='ocrx_word' id='word_1_190' title='bbox 317 2429 514 2512; x_wconf 75' lang='lat' dir='ltr'>prolimdant</span> <span class='ocrx_word' id='word_1_191' title='bbox 541 2429 575 2492; x_wconf 92' lang='lat' dir='ltr'>in</span> <span class='ocrx_word' id='word_1_192' title='bbox 603 2429 779 2493; x_wconf 85' lang='lat' dir='ltr'>extruendo</span> <span class='ocrx_word' id='word_1_193' title='bbox 808 2431 890 2493; x_wconf 82' lang='lat' dir='ltr'>mari</span> <span class='ocrx_word' id='word_1_194' title='bbox 918 2435 952 2494; x_wconf 92' lang='lat' dir='ltr'>et</span> <span class='ocrx_word' id='word_1_195' title='bbox 979 2431 1144 2494; x_wconf 87' lang='lat' dir='ltr'>montibus</span> <span class='ocrx_word' id='word_1_196' title='bbox 1169 2453 1220 2495; x_wconf 87' lang='lat' dir='ltr'>oo·</span> 
     </span>
     <span class='ocr_line' id='line_1_26' title="bbox 210 2515 1219 2602; baseline -0.001 -19"><span class='ocrx_word' id='word_1_197' title='bbox 210 2516 401 2602; x_wconf 88' lang='lat' dir='ltr'>aequandis,</span> <span class='ocrx_word' id='word_1_198' title='bbox 423 2515 518 2580; x_wconf 87' lang='lat' dir='ltr'>nobis</span> <span class='ocrx_word' id='word_1_199' title='bbox 541 2537 611 2580; x_wconf 90' lang='lat' dir='ltr'>rem</span> <span class='ocrx_word' id='word_1_200' title='bbox 633 2515 828 2580; x_wconf 87' lang='lat' dir='ltr'>familiarem</span> <span class='ocrx_word' id='word_1_201' title='bbox 851 2518 951 2581; x_wconf 89' lang='lat' dir='ltr'>etiam</span> <span class='ocrx_word' id='word_1_202' title='bbox 974 2518 1015 2582; x_wconf 90' lang='lat' dir='ltr'>ad</span> <span class='ocrx_word' id='word_1_203' title='bbox 1037 2518 1219 2583; x_wconf 87' lang='lat' dir='ltr'>necessaria</span> 
     </span>
     <span class='ocr_line' id='line_1_27' title="bbox 210 2603 1219 2689; baseline -0.002 -18"><span class='ocrx_word' id='word_1_204' title='bbox 210 2605 343 2671; x_wconf 77' lang='lat' dir='ltr'>deesse?</span> <span class='ocrx_word' id='word_1_205' title='bbox 392 2605 468 2669; x_wconf 87' lang='lat' dir='ltr'>illos</span> <span class='ocrx_word' id='word_1_206' title='bbox 495 2603 588 2668; x_wconf 90' lang='lat' dir='ltr'>binas</span> <span class='ocrx_word' id='word_1_207' title='bbox 617 2608 674 2667; x_wconf 91' lang='lat' dir='ltr'>aut</span> <span class='ocrx_word' id='word_1_208' title='bbox 702 2605 841 2687; x_wconf 88' lang='lat' dir='ltr'>amplius</span> <span class='ocrx_word' id='word_1_209' title='bbox 874 2607 987 2670; x_wconf 92' lang='lat' dir='ltr'>domos</span> <span class='ocrx_word' id='word_1_210' title='bbox 1021 2607 1219 2689; x_wconf 88' lang='lat' dir='ltr'>continuare,</span> 
     </span>
     <span class='ocr_line' id='line_1_28' title="bbox 157 2690 1219 2776; baseline 0.004 -22"><span class='ocrx_word' id='word_1_211' title='bbox 157 2706 190 2754; x_wconf 78' lang='lat'>12</span> <span class='ocrx_word' id='word_1_212' title='bbox 209 2695 304 2760; x_wconf 91' lang='lat' dir='ltr'>nobis</span> <span class='ocrx_word' id='word_1_213' title='bbox 332 2694 435 2758; x_wconf 92' lang='lat' dir='ltr'>larem</span> <span class='ocrx_word' id='word_1_214' title='bbox 462 2690 657 2757; x_wconf 87' lang='lat' dir='ltr'>familiarem</span> <span class='ocrx_word' id='word_1_215' title='bbox 683 2714 844 2776; x_wconf 88' lang='lat' dir='ltr'>nusquam</span> <span class='ocrx_word' id='word_1_216' title='bbox 871 2693 974 2758; x_wconf 92' lang='lat' dir='ltr'>ullum</span> <span class='ocrx_word' id='word_1_217' title='bbox 1007 2695 1099 2758; x_wconf 83' lang='lat' dir='ltr'>esse?</span> <span class='ocrx_word' id='word_1_218' title='bbox 1145 2715 1219 2758; x_wconf 92' lang='lat' dir='ltr'>cum</span> 
     </span>
     <span class='ocr_line' id='line_1_29' title="bbox 208 2781 1220 2868; baseline -0.002 -22"><span class='ocrx_word' id='word_1_219' title='bbox 208 2783 339 2847; x_wconf 89' lang='lat' dir='ltr'>tabulas</span> <span class='ocrx_word' id='word_1_220' title='bbox 372 2782 466 2868; x_wconf 87' lang='lat' dir='ltr'>signa</span> <span class='ocrx_word' id='word_1_221' title='bbox 497 2784 682 2846; x_wconf 86' lang='lat' dir='ltr'>toreumata</span> <span class='ocrx_word' id='word_1_222' title='bbox 709 2785 835 2864; x_wconf 86' lang='lat' dir='ltr'>emunt,</span> <span class='ocrx_word' id='word_1_223' title='bbox 865 2803 950 2847; x_wconf 85' lang='lat' dir='ltr'>nova</span> <span class='ocrx_word' id='word_1_224' title='bbox 977 2781 1122 2865; x_wconf 88' lang='lat' dir='ltr'>diruunt,</span> <span class='ocrx_word' id='word_1_225' title='bbox 1154 2781 1220 2845; x_wconf 91' lang='lat' dir='ltr'>alia</span> 
     </span>
     <span class='ocr_line' id='line_1_30' title="bbox 209 2868 1220 2954; baseline -0.001 -20"><span class='ocrx_word' id='word_1_226' title='bbox 209 2871 391 2954; x_wconf 85' lang='lat' dir='ltr'>aedificant,</span> <span class='ocrx_word' id='word_1_227' title='bbox 412 2873 579 2953; x_wconf 91' lang='lat' dir='ltr'>postremo</span> <span class='ocrx_word' id='word_1_228' title='bbox 602 2868 752 2933; x_wconf 90' lang='lat' dir='ltr'>omnibus</span> <span class='ocrx_word' id='word_1_229' title='bbox 771 2869 876 2932; x_wconf 89' lang='lat' dir='ltr'>modis</span> <span class='ocrx_word' id='word_1_230' title='bbox 894 2868 1064 2952; x_wconf 87' lang='lat' dir='ltr'>pecuniam</span> <span class='ocrx_word' id='word_1_231' title='bbox 1083 2870 1220 2933; x_wconf 91' lang='lat' dir='ltr'>trahunt</span> 
     </span>
     <span class='ocr_line' id='line_1_31' title="bbox 208 2956 1219 3040; baseline 0 -18"><span class='ocrx_word' id='word_1_232' title='bbox 208 2961 341 3040; x_wconf 86' lang='lat' dir='ltr'>vexant,</span> <span class='ocrx_word' id='word_1_233' title='bbox 369 2961 479 3020; x_wconf 89' lang='lat' dir='ltr'>tamen</span> <span class='ocrx_word' id='word_1_234' title='bbox 507 2978 633 3020; x_wconf 89' lang='lat' dir='ltr'>summa</span> <span class='ocrx_word' id='word_1_235' title='bbox 660 2956 804 3021; x_wconf 90' lang='lat' dir='ltr'>lubidine</span> <span class='ocrx_word' id='word_1_236' title='bbox 832 2957 963 3020; x_wconf 88' lang='lat' dir='ltr'>divitias</span> <span class='ocrx_word' id='word_1_237' title='bbox 992 2978 1067 3020; x_wconf 89' lang='lat' dir='ltr'>suas</span> <span class='ocrx_word' id='word_1_238' title='bbox 1090 2957 1219 3022; x_wconf 81' lang='lat' dir='ltr'>vincere</span> 
     </span>
     <span class='ocr_line' id='line_1_32' title="bbox 154 3044 1219 3129; baseline 0 -21"><span class='ocrx_word' id='word_1_239' title='bbox 154 3059 189 3108; x_wconf 84' lang='lat'>13</span> <span class='ocrx_word' id='word_1_240' title='bbox 207 3047 382 3129; x_wconf 87' lang='lat' dir='ltr'>nequeunt.</span> <span class='ocrx_word' id='word_1_241' title='bbox 419 3047 454 3107; x_wconf 88' lang='lat' dir='ltr'>at</span> <span class='ocrx_word' id='word_1_242' title='bbox 470 3044 566 3108; x_wconf 87' lang='lat' dir='ltr'>nobis</span> <span class='ocrx_word' id='word_1_243' title='bbox 587 3048 637 3107; x_wconf 89' lang='lat' dir='ltr'>est</span> <span class='ocrx_word' id='word_1_244' title='bbox 655 3044 743 3108; x_wconf 92' lang='lat' dir='ltr'>domi</span> <span class='ocrx_word' id='word_1_245' title='bbox 760 3044 881 3127; x_wconf 89' lang='lat' dir='ltr'>inopia,</span> <span class='ocrx_word' id='word_1_246' title='bbox 898 3044 979 3108; x_wconf 85' lang='lat' dir='ltr'>foris</span> <span class='ocrx_word' id='word_1_247' title='bbox 999 3066 1053 3108; x_wconf 88' lang='lat' dir='ltr'>aes</span> <span class='ocrx_word' id='word_1_248' title='bbox 1068 3044 1219 3129; x_wconf 91' lang='lat' dir='ltr'>alienum,</span> 
     </span>
     <span class='ocr_line' id='line_1_33' title="bbox 208 3132 1219 3216; baseline -0.002 -19"><span class='ocrx_word' id='word_1_249' title='bbox 208 3133 295 3197; x_wconf 88' lang='lat' dir='ltr'>mala</span> <span class='ocrx_word' id='word_1_250' title='bbox 321 3153 386 3215; x_wconf 86' lang='lat' dir='ltr'>res,</span> <span class='ocrx_word' id='word_1_251' title='bbox 414 3152 488 3216; x_wconf 89' lang='lat' dir='ltr'>spes</span> <span class='ocrx_word' id='word_1_252' title='bbox 516 3132 620 3195; x_wconf 91' lang='lat' dir='ltr'>multo</span> <span class='ocrx_word' id='word_1_253' title='bbox 649 3132 806 3215; x_wconf 89' lang='lat' dir='ltr'>asperior:</span> <span class='ocrx_word' id='word_1_254' title='bbox 834 3132 970 3216; x_wconf 91' lang='lat' dir='ltr'>denique</span> <span class='ocrx_word' id='word_1_255' title='bbox 999 3132 1076 3216; x_wconf 92' lang='lat' dir='ltr'>quid</span> <span class='ocrx_word' id='word_1_256' title='bbox 1101 3132 1219 3215; x_wconf 90' lang='lat' dir='ltr'>reliqui</span> 
     </span>
     <span class='ocr_line' id='line_1_34' title="bbox 206 3217 1257 3304; baseline -0.002 -18"><span class='ocrx_word' id='word_1_257' title='bbox 206 3222 366 3286; x_wconf 89' lang='lat' dir='ltr'>habemus</span> <span class='ocrx_word' id='word_1_258' title='bbox 389 3219 694 3304; x_wconf 87' lang='lat' dir='ltr'>praetermiseram</span> <span class='ocrx_word' id='word_1_259' title='bbox 718 3219 883 3284; x_wconf 83' lang='lat' dir='ltr'>animam?</span> <span class='ocrx_word' id='word_1_260' title='bbox 1254 3217 1257 3225; x_wconf 77' lang='grc'>’</span> 
     </span>
     <span class='ocr_line' id='line_1_35' title="bbox 156 3307 1218 3393; baseline 0 -21"><span class='ocrx_word' id='word_1_261' title='bbox 156 3324 189 3372; x_wconf 79' lang='grc'>14</span> <span class='ocrx_word' id='word_1_262' title='bbox 275 3309 362 3385; x_wconf 80' lang='lat' dir='ltr'>Quin</span> <span class='ocrx_word' id='word_1_263' title='bbox 376 3308 478 3393; x_wconf 86' lang='lat' dir='ltr'>igitur</span> <span class='ocrx_word' id='word_1_264' title='bbox 492 3307 776 3392; x_wconf 78' lang='lat' dir='ltr'>expergiscimini?</span> <span class='ocrx_word' id='word_1_265' title='bbox 799 3330 840 3372; x_wconf 87' lang='lat' dir='ltr'>en</span> <span class='ocrx_word' id='word_1_266' title='bbox 852 3308 919 3392; x_wconf 88' lang='lat' dir='ltr'>illa,</span> <span class='ocrx_word' id='word_1_267' title='bbox 937 3308 995 3371; x_wconf 91' lang='lat' dir='ltr'>illa</span> <span class='ocrx_word' id='word_1_268' title='bbox 1009 3329 1107 3391; x_wconf 92' lang='lat' dir='ltr'>quam</span> <span class='ocrx_word' id='word_1_269' title='bbox 1122 3329 1218 3392; x_wconf 87' lang='lat' dir='ltr'>saepe</span> 
     </span>
     <span class='ocr_line' id='line_1_36' title="bbox 207 3395 1219 3481; baseline -0.001 -20"><span class='ocrx_word' id='word_1_270' title='bbox 207 3397 346 3480; x_wconf 88' lang='lat' dir='ltr'>optastis</span> <span class='ocrx_word' id='word_1_271' title='bbox 379 3396 528 3480; x_wconf 73' lang='lat' dir='ltr'>libertaS,</span> <span class='ocrx_word' id='word_1_272' title='bbox 558 3399 726 3479; x_wconf 86' lang='lat' dir='ltr'>praeterea</span> <span class='ocrx_word' id='word_1_273' title='bbox 757 3395 889 3477; x_wconf 86' lang='lat' dir='ltr'>divitiae</span> <span class='ocrx_word' id='word_1_274' title='bbox 922 3397 1018 3461; x_wconf 88' lang='lat' dir='ltr'>decus</span> <span class='ocrx_word' id='word_1_275' title='bbox 1051 3396 1157 3481; x_wconf 87' lang='lat' dir='ltr'>gloria</span> <span class='ocrx_word' id='word_1_276' title='bbox 1183 3396 1219 3460; x_wconf 90' lang='lat' dir='ltr'>in</span> 
     </span>
     <span class='ocr_line' id='line_1_37' title="bbox 208 3483 1218 3568; baseline 0.001 -21"><span class='ocrx_word' id='word_1_277' title='bbox 208 3485 310 3548; x_wconf 88' lang='lat' dir='ltr'>oculis</span> <span class='ocrx_word' id='word_1_278' title='bbox 334 3485 399 3548; x_wconf 89' lang='lat' dir='ltr'>sita</span> <span class='ocrx_word' id='word_1_279' title='bbox 422 3489 512 3568; x_wconf 82' lang='lat' dir='ltr'>sunt3</span> <span class='ocrx_word' id='word_1_280' title='bbox 529 3483 662 3548; x_wconf 86' lang='lat' dir='ltr'>fortuna</span> <span class='ocrx_word' id='word_1_281' title='bbox 686 3484 794 3548; x_wconf 87' lang='lat' dir='ltr'>omnia</span> <span class='ocrx_word' id='word_1_282' title='bbox 817 3506 854 3548; x_wconf 90' lang='lat' dir='ltr'>ea</span> <span class='ocrx_word' id='word_1_283' title='bbox 876 3483 1055 3548; x_wconf 82' lang='lat' dir='ltr'>victoribus</span> <span class='ocrx_word' id='word_1_284' title='bbox 1073 3484 1218 3567; x_wconf 84' lang='lat' dir='ltr'>praemia</span> 
     </span>
     <span class='ocr_line' id='line_1_38' title="bbox 155 3571 1219 3657; baseline 0 -22"><span class='ocrx_word' id='word_1_285' title='bbox 155 3585 187 3635; x_wconf 83' lang='lat'>15</span> <span class='ocrx_word' id='word_1_286' title='bbox 206 3571 326 3654; x_wconf 90' lang='lat' dir='ltr'>posuit.</span> <span class='ocrx_word' id='word_1_287' title='bbox 354 3593 406 3636; x_wconf 87' lang='lat' dir='ltr'>res</span> <span class='ocrx_word' id='word_1_288' title='bbox 420 3576 559 3656; x_wconf 88' lang='lat' dir='ltr'>tempus,</span> <span class='ocrx_word' id='word_1_289' title='bbox 572 3573 717 3654; x_wconf 90' lang='lat' dir='ltr'>pericula</span> <span class='ocrx_word' id='word_1_290' title='bbox 731 3576 869 3657; x_wconf 87' lang='lat' dir='ltr'>egestas,</span> <span class='ocrx_word' id='word_1_291' title='bbox 883 3572 962 3636; x_wconf 91' lang='lat' dir='ltr'>belli</span> <span class='ocrx_word' id='word_1_292' title='bbox 976 3572 1081 3654; x_wconf 89' lang='lat' dir='ltr'>spolia</span> <span class='ocrx_word' id='word_1_293' title='bbox 1095 3572 1219 3656; x_wconf 87' lang='lat' dir='ltr'>magni·</span> 
     </span>
    </p>
   </div>
   <div class='ocr_carea' id='block_1_3' title="bbox 0 0 1276 4192">
    <p class='ocr_par' dir='ltr' id='par_1_3' title="bbox 0 0 1276 4192">
     <span class='ocr_line' id='line_1_39' title="bbox 0 0 1276 4192; baseline 0 0"><span class='ocrx_word' id='word_1_294' title='bbox 0 0 1276 4192; x_wconf 95' lang='lat' dir='ltr'> </span> 
     </span>
    </p>
   </div>
  </div>
 </body>
</html>
