2542 4192
306 249 451 305 BELLUM
469 251 729 307 IUGURTHINUM
747 268 770 307 c.
790 258 903 307 ee-ar.
975 274 979 281 ·
1050 253 1114 317 103

106 417 219 461 eorum
248 396 368 483 sciens,
401 395 457 462 sed
479 396 662 461 mehercule
694 396 799 480 magis
833 399 984 461 strenuus
1017 418 1115 480 quam

104 483 198 567 felix,
229 506 308 548 nam
335 506 454 572 magna
468 505 555 568 pers
589 485 657 549 eius
685 484 823 549 avaritia
850 488 907 549 aut
930 484 1113 549 temeritate
1133 500 1170 552 te

104 573 224 637 ducum
254 573 375 639 adtrita
402 577 461 638 est.
506 593 604 656 quam
632 574 674 637 ob
701 594 771 637 rem
792 594 865 658 vos,
892 573 1009 657 quibus
1032 573 1115 637 mili·
1132 589 1168 640 tt

106 660 187 725 teris
214 665 305 726 aetas
334 667 397 746 est,
428 659 613 725 adnitimini
640 682 767 726 mecum
798 665 832 724 et
858 661 1016 745 capessite
1046 683 1115 726 rem

106 747 279 834 publicam,
299 772 403 834 neque
422 770 617 833 quemquam
635 770 674 813 ex
696 749 882 814 calamitate
901 749 1040 815 aliorum
1058 753 1115 814 1111

105 837 343 920 imperatorum
366 836 518 922 superbia
544 840 651 901 metus
675 837 806 921 ceperit.
851 843 981 923 egomet
1003 838 1038 902 in
1061 859 1116 923 ag-

105 925 193 988 mine
216 930 273 990 aut
295 925 331 990 in
351 925 476 1011 proelio
500 925 668 990 consultor
688 925 775 989 idem
798 929 831 989 et
854 926 961 990 socius
978 926 1114 1010 periculi

106 1013 276 1077 vobiscum
294 1013 400 1098 adero,
418 1034 533 1097 meque
547 1034 669 1097 vosque
687 1013 723 1077 in
741 1013 891 1078 omnibus
905 1013 1003 1078 rebus
1021 1014 1114 1079 iuxta

58 1120 60 1127 ·
106 1122 228 1186 geram.
260 1105 295 1166 et
316 1101 464 1186 profecto
483 1100 532 1165 dis
551 1101 738 1166 iuvantibus
754 1101 863 1166 omnia
881 1105 1010 1166 matura
1028 1106 1113 1186 sunt,
1131 1117 1168 1166 48

105 1188 244 1254 victoria
265 1191 386 1273 praeda
407 1191 488 1255 laus.
521 1211 601 1272 quae
625 1189 653 1254 si
671 1189 771 1255 dubia
788 1195 845 1255 aut
863 1191 977 1273 procul
995 1194 1113 1274 essent,

105 1281 217 1341 tamen
249 1278 354 1343 omnis
386 1280 489 1343 bonos
517 1277 740 1361 reipublicae
772 1278 942 1343 subvenire
970 1279 1113 1344 decebat.

105 1365 228 1430 etenim
244 1385 339 1431 nemo
358 1366 489 1451 ignavia
501 1365 686 1430 inmortalis
700 1365 806 1430 factus
826 1369 885 1450 est,
904 1388 1008 1451 neque
1028 1366 1113 1451 quis·
1131 1379 1166 1430 49

104 1475 205 1537 quam
222 1475 339 1537 parens
357 1454 480 1538 liberis,
497 1453 547 1518 uti
566 1453 690 1518 aeterni
708 1453 825 1538 forent,
849 1455 985 1539 optavit,
1008 1455 1112 1540 magis

104 1542 156 1606 uti
178 1541 257 1607 boni
278 1542 472 1626 honestique
494 1541 597 1606 vitam
624 1541 799 1627 exigerent.
843 1543 938 1626 plura
965 1542 1113 1627 dicerem,
1131 1556 1166 1606 50

104 1628 260 1715 Quirites,
279 1629 307 1694 si
325 1630 449 1695 timidis
463 1629 619 1694 virtutem
633 1631 732 1694 verba
750 1630 917 1715 adderent3
939 1652 1015 1694 nam
1034 1635 1113 1695 stre-

104 1717 179 1782 nuis
203 1717 329 1782 abunde
352 1718 474 1783 dictum
495 1716 597 1802 puto?

171 1804 315 1871 Huiusce
344 1806 432 1871 modi
460 1806 606 1871 oratione
632 1806 747 1871 habita
774 1805 911 1891 Marius,
938 1805 1167 1907 postquam86

103 1893 210 1978 plebis
234 1894 359 1959 animos
389 1895 536 1960 adrectos
563 1895 664 1979 videt,
690 1916 827 1979 propere
858 1899 1028 1960 commeatu
1057 1894 1113 1959 sti-

103 1981 233 2066 pendio,
256 1983 355 2047 armis
379 1982 516 2066 aliisque
538 1982 675 2047 utilibus
697 1982 791 2047 navis
815 1988 941 2068 onerat,
964 2004 1038 2046 cum
1060 1982 1113 2046 his

103 2069 145 2134 A.
173 2066 332 2134 Manlium
362 2071 510 2157 legatum
540 2070 703 2154 proficisci
733 2070 834 2134 iubet.
887 2034 956 2154 ipsh
987 2070 1148 2134 iuterean

104 2157 228 2222 milites
243 2158 392 2242 scribere,
410 2180 477 2223 non
494 2179 584 2222 more
599 2158 759 2222 maiorum
772 2179 876 2241 neque
893 2179 932 2221 ex
945 2156 1113 2241 classibus,

104 2246 163 2310 sed
185 2245 235 2310 uti
259 2246 414 2330 cuiusque
436 2246 548 2310 lubido
572 2249 651 2329 erat,
675 2246 779 2330 eapite
801 2266 914 2310 censos
932 2245 1112 2329 plerosque.

103 2333 139 2398 id
161 2332 285 2398 factum
308 2335 401 2398 1111
391 2334 503 2420 mopia
534 2334 694 2398 bonorum
730 2333 787 2397 1111
816 2355 875 2419 per
901 2333 1148 2400 ambitioneme

104 2421 248 2486 consulis
276 2422 514 2506 memorabant,
542 2423 628 2505 quod
655 2421 758 2486 abeo
785 2443 902 2507 genere
930 2422 1112 2493 celebratis

105 2512 283 2592 auctusque
311 2514 382 2574 erat
408 2514 442 2575 et
472 2510 597 2575 homini
620 2532 662 2596 po
664 2510 802 2574 tentiam
829 2510 998 2594 quaerenti
1020 2532 1114 2596 egen-

104 2597 263 2663 tissumus
282 2598 418 2682 quisque
437 2603 555 2683 opport
555 2598 751 2683 unissumuS,
770 2598 822 2662 eui
839 2621 943 2682 neque
958 2620 1016 2663 sua
1030 2621 1114 2682 cara,

106 2685 226 2770 quippe
249 2707 331 2770 quae
353 2687 444 2751 nulla
467 2689 552 2769 sunt,
575 2689 609 2750 et
632 2686 742 2751 omnia
760 2708 834 2751 cum
851 2686 957 2770 pretio
975 2685 1113 2750 honesta

105 2774 266 2839 videntur.

171 2860 280 2947 Igitur
293 2861 416 2926 Marius
435 2884 510 2927 cum
528 2862 696 2944 aliquanto
711 2861 833 2925 maiore
850 2882 995 2945 numero,
1014 2882 1113 2944 quam
1130 2878 1148 2927 4

103 2949 271 3014 decretum
303 2954 386 3034 erat,
418 2950 454 3014 in
480 2949 627 3015 Africam
658 2949 823 3034 profectus
854 2949 966 3033 paucis
999 2949 1111 3015 diebus

105 3036 239 3102 Uticam
261 3037 440 3102 advehitur.
486 3037 645 3103 exercitus
670 3038 700 3102 ei
723 3037 865 3102 traditur
890 3061 909 3102 a
930 3037 966 3102 P.
984 3036 1110 3103 Rutilio
1130 3055 1147 3104 5

104 3125 229 3210 legato,
260 3147 337 3190 nam
363 3125 514 3190 Metellus
547 3130 756 3210 conspectum
783 3125 868 3190 Mari
896 3125 1039 3211 fugerat,
1070 3147 1112 3190 ne

104 3213 231 3278 videret
260 3235 309 3297 ea,
342 3235 424 3298 quae
452 3213 562 3279 audita
590 3215 716 3279 animus
744 3214 883 3279 tolerare
913 3213 1112 3298 nequiverat.

105 3301 163 3364 sed
186 3303 299 3366 consul
323 3302 460 3386 expletis
487 3302 670 3388 legionibus
699 3301 952 3385 cohortibusque
980 3300 1164 3368 auxilia-87

104 3389 163 3453 riis
181 3389 217 3454 in
235 3411 350 3475 agrum
367 3389 509 3455 fertilem
525 3393 559 3454 et
576 3391 696 3473 praeda
714 3393 867 3455 onustum
884 3388 1112 3475 proficiscitur,

105 3477 216 3541 omnia
237 3478 284 3542 ibi
308 3481 403 3561 capta
426 3478 587 3542 militibus
611 3479 723 3562 donat3
746 3478 820 3542 dein
843 3476 979 3541 castella
1001 3481 1034 3541 et
1058 3498 1112 3561 op·

104 3565 181 3649 pida
202 3570 320 3631 natura
343 3568 376 3629 et
394 3566 472 3631 viris
490 3588 606 3650 parum
624 3566 751 3630 munita
769 3564 966 3652 aggreditur,
987 3565 1112 3649 proelia
