<?xml version="1.0" encoding="UTF-8"?>
<!DOCTYPE html PUBLIC "-//W3C//DTD XHTML 1.0 Transitional//EN"
    "http://www.w3.org/TR/xhtml1/DTD/xhtml1-transitional.dtd">
<html xmlns="http://www.w3.org/1999/xhtml" xml:lang="en" lang="en">
 <head>
  <title>
</title>
<meta http-equiv="Content-Type" content="text/html;charset=utf-8" />
  <meta name='ocr-system' content='tesseract 3.04.00' />
  <meta name='ocr-capabilities' content='ocr_page ocr_carea ocr_par ocr_line ocrx_word'/>
</head>
<body>
  <div class='ocr_page' id='page_1' title='image "./catilinajugurth00sallgoog_0078.png"; bbox 0 0 2542 4192; ppageno 0'>
   <div class='ocr_carea' id='block_1_1' title="bbox 298 237 1102 305">
    <p class='ocr_par' dir='ltr' id='par_1_1' title="bbox 298 237 1102 305">
     <span class='ocr_line' id='line_1_1' title="bbox 298 237 1102 305; baseline 0.016 -13"><span class='ocrx_word' id='word_1_1' title='bbox 298 238 445 294; x_wconf 84' lang='lat' dir='ltr'><strong>BELLUM</strong></span> <span class='ocrx_word' id='word_1_2' title='bbox 463 237 721 294; x_wconf 80' lang='lat' dir='ltr'><strong>IUGURTHINUM</strong></span> <span class='ocrx_word' id='word_1_3' title='bbox 740 257 762 296; x_wconf 90' lang='lat' dir='ltr'><strong>c.</strong></span> <span class='ocrx_word' id='word_1_4' title='bbox 780 245 892 296; x_wconf 85' lang='lat'>10-13.</span> <span class='ocrx_word' id='word_1_5' title='bbox 1058 242 1102 305; x_wconf 91' lang='grc'><strong>49</strong></span> 
     </span>
    </p>
   </div>
   <div class='ocr_carea' id='block_1_2' title="bbox 82 383 1155 3634">
    <p class='ocr_par' dir='ltr' id='par_1_2' title="bbox 88 383 1138 1611">
     <span class='ocr_line' id='line_1_2' title="bbox 88 383 1104 469; baseline 0.002 -22"><span class='ocrx_word' id='word_1_6' title='bbox 88 383 261 468; x_wconf 86' lang='lat' dir='ltr'><strong>pecuniam</strong></span> <span class='ocrx_word' id='word_1_7' title='bbox 283 384 550 448; x_wconf 74' lang='lat' dir='ltr'>distribuendam.</span> <span class='ocrx_word' id='word_1_8' title='bbox 596 384 701 469; x_wconf 88' lang='lat' dir='ltr'><strong>reguli</strong></span> <span class='ocrx_word' id='word_1_9' title='bbox 728 384 854 448; x_wconf 90' lang='lat' dir='ltr'><strong>interea</strong></span> <span class='ocrx_word' id='word_1_10' title='bbox 879 385 914 448; x_wconf 94' lang='lat' dir='ltr'><strong>in</strong></span> <span class='ocrx_word' id='word_1_11' title='bbox 935 385 1008 449; x_wconf 89' lang='lat' dir='ltr'><strong>loca</strong></span> <span class='ocrx_word' id='word_1_12' title='bbox 1030 407 1104 468; x_wconf 92' lang='lat' dir='ltr'><strong>pro·</strong></span> 
     </span>
     <span class='ocr_line' id='line_1_3' title="bbox 89 472 1138 556; baseline 0.001 -20"><span class='ocrx_word' id='word_1_13' title='bbox 89 472 212 555; x_wconf 91' lang='lat' dir='ltr'><strong>pinqua</strong></span> <span class='ocrx_word' id='word_1_14' title='bbox 235 472 398 536; x_wconf 79' lang='lat' dir='ltr'><strong>thesauris</strong></span> <span class='ocrx_word' id='word_1_15' title='bbox 423 472 505 537; x_wconf 91' lang='lat' dir='ltr'><strong>alius</strong></span> <span class='ocrx_word' id='word_1_16' title='bbox 530 472 594 536; x_wconf 92' lang='lat' dir='ltr'><strong>alio</strong></span> <span class='ocrx_word' id='word_1_17' title='bbox 619 493 815 537; x_wconf 82' lang='lat' dir='ltr'><strong>concessere.</strong></span> <span class='ocrx_word' id='word_1_18' title='bbox 857 472 913 536; x_wconf 90' lang='lat' dir='ltr'><strong>sed</strong></span> <span class='ocrx_word' id='word_1_19' title='bbox 930 472 1138 556; x_wconf 70' lang='lat' dir='ltr'><strong>Hiempsale</strong></span> 
     </span>
     <span class='ocr_line' id='line_1_4' title="bbox 89 559 1102 645; baseline 0.001 -22"><span class='ocrx_word' id='word_1_20' title='bbox 89 560 125 623; x_wconf 92' lang='lat' dir='ltr'><strong>in</strong></span> <span class='ocrx_word' id='word_1_21' title='bbox 151 560 271 643; x_wconf 94' lang='lat' dir='ltr'><strong>oppido</strong></span> <span class='ocrx_word' id='word_1_22' title='bbox 300 560 469 624; x_wconf 81' lang='lat' dir='ltr'><strong>Thirmida</strong></span> <span class='ocrx_word' id='word_1_23' title='bbox 500 559 585 624; x_wconf 89' lang='lat' dir='ltr'><strong>forte</strong></span> <span class='ocrx_word' id='word_1_24' title='bbox 617 559 686 623; x_wconf 87' lang='lat' dir='ltr'><strong>eius</strong></span> <span class='ocrx_word' id='word_1_25' title='bbox 720 561 816 625; x_wconf 92' lang='lat' dir='ltr'><strong>domo</strong></span> <span class='ocrx_word' id='word_1_26' title='bbox 846 561 1014 645; x_wconf 90' lang='lat' dir='ltr'><strong>utebatur,</strong></span> <span class='ocrx_word' id='word_1_27' title='bbox 1046 561 1102 644; x_wconf 90' lang='lat' dir='ltr'><strong>qui</strong></span> 
     </span>
     <span class='ocr_line' id='line_1_5' title="bbox 89 647 1103 733; baseline 0.002 -23"><span class='ocrx_word' id='word_1_28' title='bbox 89 669 268 730; x_wconf 86' lang='lat' dir='ltr'><strong>proxumus</strong></span> <span class='ocrx_word' id='word_1_29' title='bbox 286 647 385 712; x_wconf 92' lang='lat' dir='ltr'><strong>lictor</strong></span> <span class='ocrx_word' id='word_1_30' title='bbox 398 647 577 733; x_wconf 76' lang='lat' dir='ltr'><strong>Iugurthae</strong></span> <span class='ocrx_word' id='word_1_31' title='bbox 593 668 685 712; x_wconf 86' lang='lat' dir='ltr'><strong>carus</strong></span> <span class='ocrx_word' id='word_1_32' title='bbox 701 652 916 731; x_wconf 87' lang='lat' dir='ltr'><strong>acceptusque</strong></span> <span class='ocrx_word' id='word_1_33' title='bbox 931 649 960 712; x_wconf 91' lang='lat' dir='ltr'><strong>ei</strong></span> <span class='ocrx_word' id='word_1_34' title='bbox 975 670 1103 732; x_wconf 90' lang='lat' dir='ltr'><strong>semper</strong></span> 
     </span>
     <span class='ocr_line' id='line_1_6' title="bbox 90 735 1101 820; baseline 0.003 -22"><span class='ocrx_word' id='word_1_35' title='bbox 90 735 206 799; x_wconf 83' lang='lat' dir='ltr'><strong>fuerat.</strong></span> <span class='ocrx_word' id='word_1_36' title='bbox 253 756 349 818; x_wconf 89' lang='lat' dir='ltr'><strong>quem</strong></span> <span class='ocrx_word' id='word_1_37' title='bbox 371 735 426 799; x_wconf 92' lang='lat' dir='ltr'><strong>ille</strong></span> <span class='ocrx_word' id='word_1_38' title='bbox 451 757 527 800; x_wconf 88' lang='lat' dir='ltr'><strong>casu</strong></span> <span class='ocrx_word' id='word_1_39' title='bbox 550 735 738 799; x_wconf 88' lang='lat' dir='ltr'><strong>ministrum</strong></span> <span class='ocrx_word' id='word_1_40' title='bbox 761 736 909 800; x_wconf 92' lang='lat' dir='ltr'><strong>oblatum</strong></span> <span class='ocrx_word' id='word_1_41' title='bbox 930 736 1101 820; x_wconf 89' lang='lat' dir='ltr'><strong>promissis</strong></span> 
     </span>
     <span class='ocr_line' id='line_1_7' title="bbox 89 823 1102 907; baseline 0.001 -20"><span class='ocrx_word' id='word_1_42' title='bbox 89 826 205 888; x_wconf 86' lang='lat' dir='ltr'><strong>onerat</strong></span> <span class='ocrx_word' id='word_1_43' title='bbox 227 823 436 907; x_wconf 90' lang='lat' dir='ltr'><strong>inpellitque,</strong></span> <span class='ocrx_word' id='word_1_44' title='bbox 459 824 509 887; x_wconf 92' lang='lat' dir='ltr'><strong>uti</strong></span> <span class='ocrx_word' id='word_1_45' title='bbox 532 827 700 907; x_wconf 79' lang='lat' dir='ltr'>tamquam</span> <span class='ocrx_word' id='word_1_46' title='bbox 724 846 817 888; x_wconf 90' lang='lat' dir='ltr'><strong>suam</strong></span> <span class='ocrx_word' id='word_1_47' title='bbox 838 824 946 888; x_wconf 73' lang='lat' dir='ltr'><strong>visens</strong></span> <span class='ocrx_word' id='word_1_48' title='bbox 970 825 1102 889; x_wconf 94' lang='lat' dir='ltr'><strong>domum</strong></span> 
     </span>
     <span class='ocr_line' id='line_1_8' title="bbox 90 909 1102 997; baseline 0.002 -22"><span class='ocrx_word' id='word_1_49' title='bbox 90 915 155 994; x_wconf 88' lang='lat' dir='ltr'><strong>eat,</strong></span> <span class='ocrx_word' id='word_1_50' title='bbox 177 915 348 994; x_wconf 89' lang='lat' dir='ltr'><strong>portarum</strong></span> <span class='ocrx_word' id='word_1_51' title='bbox 372 912 471 976; x_wconf 86' lang='lat' dir='ltr'><strong>clavis</strong></span> <span class='ocrx_word' id='word_1_52' title='bbox 496 911 694 975; x_wconf 88' lang='lat' dir='ltr'><strong>adulterinas</strong></span> <span class='ocrx_word' id='word_1_53' title='bbox 718 915 812 995; x_wconf 88' lang='lat' dir='ltr'><strong>paret</strong></span> <span class='ocrx_word' id='word_1_54' title='bbox 836 909 925 997; x_wconf 89' lang='lat' dir='ltr'><strong>(nam</strong></span> <span class='ocrx_word' id='word_1_55' title='bbox 948 934 1042 976; x_wconf 88' lang='lat' dir='ltr'><strong>verae</strong></span> <span class='ocrx_word' id='word_1_56' title='bbox 1062 912 1102 977; x_wconf 92' lang='lat' dir='ltr'><strong>ad</strong></span> 
     </span>
     <span class='ocr_line' id='line_1_9' title="bbox 90 996 1102 1085; baseline 0.001 -22"><span class='ocrx_word' id='word_1_57' title='bbox 90 998 314 1082; x_wconf 86' lang='lat' dir='ltr'><strong>Hiempsalem</strong></span> <span class='ocrx_word' id='word_1_58' title='bbox 327 996 579 1085; x_wconf 84' lang='lat' dir='ltr'><strong>referebantur):</strong></span> <span class='ocrx_word' id='word_1_59' title='bbox 595 1003 747 1084; x_wconf 89' lang='lat' dir='ltr'><strong>ceterum,</strong></span> <span class='ocrx_word' id='word_1_60' title='bbox 765 999 822 1063; x_wconf 93' lang='lat' dir='ltr'><strong>ubi</strong></span> <span class='ocrx_word' id='word_1_61' title='bbox 840 1022 892 1064; x_wconf 90' lang='lat' dir='ltr'><strong>res</strong></span> <span class='ocrx_word' id='word_1_62' title='bbox 911 1000 1102 1084; x_wconf 73' lang='lat' dir='ltr'><strong>postularet,</strong></span> 
     </span>
     <span class='ocr_line' id='line_1_10' title="bbox 91 1086 1138 1172; baseline 0 -21"><span class='ocrx_word' id='word_1_63' title='bbox 91 1109 127 1151; x_wconf 87' lang='lat' dir='ltr'><strong>se</strong></span> <span class='ocrx_word' id='word_1_64' title='bbox 150 1087 258 1170; x_wconf 92' lang='lat' dir='ltr'><strong>ipsum</strong></span> <span class='ocrx_word' id='word_1_65' title='bbox 282 1109 355 1152; x_wconf 91' lang='lat' dir='ltr'><strong>cum</strong></span> <span class='ocrx_word' id='word_1_66' title='bbox 379 1108 497 1172; x_wconf 90' lang='lat' dir='ltr'><strong>magna</strong></span> <span class='ocrx_word' id='word_1_67' title='bbox 520 1109 619 1152; x_wconf 91' lang='lat' dir='ltr'><strong>manu</strong></span> <span class='ocrx_word' id='word_1_68' title='bbox 641 1091 822 1152; x_wconf 85' lang='lat' dir='ltr'><strong>venturum.</strong></span> <span class='ocrx_word' id='word_1_69' title='bbox 853 1086 996 1152; x_wconf 85' lang='lat' dir='ltr'><strong>Numida</strong></span> <span class='ocrx_word' id='word_1_70' title='bbox 1014 1102 1138 1152; x_wconf 83' lang='lat' dir='ltr'><strong>man-4</strong></span> 
     </span>
     <span class='ocr_line' id='line_1_11' title="bbox 91 1174 1102 1261; baseline 0 -23"><span class='ocrx_word' id='word_1_71' title='bbox 91 1175 170 1238; x_wconf 88' lang='lat' dir='ltr'><strong>data</strong></span> <span class='ocrx_word' id='word_1_72' title='bbox 189 1176 280 1240; x_wconf 90' lang='lat' dir='ltr'><strong>brevi</strong></span> <span class='ocrx_word' id='word_1_73' title='bbox 294 1176 427 1240; x_wconf 89' lang='lat' dir='ltr'><strong>conficit</strong></span> <span class='ocrx_word' id='word_1_74' title='bbox 441 1180 547 1261; x_wconf 89' lang='lat' dir='ltr'><strong>atque,</strong></span> <span class='ocrx_word' id='word_1_75' title='bbox 570 1176 620 1239; x_wconf 91' lang='lat' dir='ltr'><strong>uti</strong></span> <span class='ocrx_word' id='word_1_76' title='bbox 639 1177 754 1240; x_wconf 90' lang='lat' dir='ltr'><strong>doctus</strong></span> <span class='ocrx_word' id='word_1_77' title='bbox 773 1179 853 1259; x_wconf 88' lang='lat' dir='ltr'><strong>erat,</strong></span> <span class='ocrx_word' id='word_1_78' title='bbox 874 1179 975 1239; x_wconf 91' lang='lat' dir='ltr'><strong>noctu</strong></span> <span class='ocrx_word' id='word_1_79' title='bbox 988 1174 1102 1261; x_wconf 91' lang='lat' dir='ltr'><strong>Iugur-</strong></span> 
     </span>
     <span class='ocr_line' id='line_1_12' title="bbox 92 1261 1138 1348; baseline 0 -22"><span class='ocrx_word' id='word_1_80' title='bbox 92 1263 168 1326; x_wconf 86' lang='lat' dir='ltr'><strong>thae</strong></span> <span class='ocrx_word' id='word_1_81' title='bbox 192 1263 315 1327; x_wconf 90' lang='lat' dir='ltr'><strong>milites</strong></span> <span class='ocrx_word' id='word_1_82' title='bbox 338 1261 525 1329; x_wconf 88' lang='lat' dir='ltr'><strong>introducit.</strong></span> <span class='ocrx_word' id='word_1_83' title='bbox 572 1264 627 1347; x_wconf 91' lang='lat' dir='ltr'><strong>qui</strong></span> <span class='ocrx_word' id='word_1_84' title='bbox 649 1268 825 1348; x_wconf 87' lang='lat' dir='ltr'><strong>postquam</strong></span> <span class='ocrx_word' id='word_1_85' title='bbox 848 1263 883 1328; x_wconf 90' lang='lat' dir='ltr'><strong>in</strong></span> <span class='ocrx_word' id='word_1_86' title='bbox 906 1263 993 1327; x_wconf 88' lang='lat' dir='ltr'><strong>aedis</strong></span> <span class='ocrx_word' id='word_1_87' title='bbox 1016 1264 1102 1327; x_wconf 88' lang='lat' dir='ltr'><strong>imu-</strong></span> <span class='ocrx_word' id='word_1_88' title='bbox 1121 1277 1138 1326; x_wconf 82' lang='lat'><strong>5</strong></span> 
     </span>
     <span class='ocr_line' id='line_1_13' title="bbox 89 1351 1101 1436; baseline 0 -22"><span class='ocrx_word' id='word_1_89' title='bbox 89 1371 180 1434; x_wconf 87' lang='lat' dir='ltr'><strong>pere,</strong></span> <span class='ocrx_word' id='word_1_90' title='bbox 207 1351 328 1415; x_wconf 87' lang='lat' dir='ltr'><strong>divorsi</strong></span> <span class='ocrx_word' id='word_1_91' title='bbox 351 1373 462 1436; x_wconf 90' lang='lat' dir='ltr'><strong>regem</strong></span> <span class='ocrx_word' id='word_1_92' title='bbox 485 1373 651 1434; x_wconf 88' lang='lat' dir='ltr'><strong>quaerere,</strong></span> <span class='ocrx_word' id='word_1_93' title='bbox 679 1352 872 1416; x_wconf 89' lang='lat' dir='ltr'><strong>dormientis</strong></span> <span class='ocrx_word' id='word_1_94' title='bbox 905 1352 986 1416; x_wconf 89' lang='lat' dir='ltr'><strong>alios</strong></span> <span class='ocrx_word' id='word_1_95' title='bbox 1020 1351 1101 1415; x_wconf 88' lang='lat' dir='ltr'><strong>alios</strong></span> 
     </span>
     <span class='ocr_line' id='line_1_14' title="bbox 92 1438 1102 1523; baseline 0 -21"><span class='ocrx_word' id='word_1_96' title='bbox 92 1438 295 1502; x_wconf 87' lang='lat' dir='ltr'><strong>occursantis</strong></span> <span class='ocrx_word' id='word_1_97' title='bbox 328 1438 527 1522; x_wconf 84' lang='lat' dir='ltr'><strong>interficere,</strong></span> <span class='ocrx_word' id='word_1_98' title='bbox 560 1440 699 1503; x_wconf 87' lang='lat' dir='ltr'><strong>scrutari</strong></span> <span class='ocrx_word' id='word_1_99' title='bbox 731 1440 804 1504; x_wconf 89' lang='lat' dir='ltr'><strong>loca</strong></span> <span class='ocrx_word' id='word_1_100' title='bbox 835 1439 959 1523; x_wconf 89' lang='lat' dir='ltr'><strong>abdita,</strong></span> <span class='ocrx_word' id='word_1_101' title='bbox 993 1440 1102 1504; x_wconf 90' lang='lat' dir='ltr'><strong>clausa</strong></span> 
     </span>
     <span class='ocr_line' id='line_1_15' title="bbox 90 1525 1102 1611; baseline 0 -22"><span class='ocrx_word' id='word_1_102' title='bbox 90 1525 277 1611; x_wconf 83' lang='lat' dir='ltr'><strong>effringere,</strong></span> <span class='ocrx_word' id='word_1_103' title='bbox 310 1527 451 1610; x_wconf 87' lang='lat' dir='ltr'><strong>strepitu</strong></span> <span class='ocrx_word' id='word_1_104' title='bbox 479 1530 512 1590; x_wconf 91' lang='lat' dir='ltr'><strong>et</strong></span> <span class='ocrx_word' id='word_1_105' title='bbox 540 1527 685 1591; x_wconf 91' lang='lat' dir='ltr'><strong>tumultu</strong></span> <span class='ocrx_word' id='word_1_106' title='bbox 713 1527 821 1590; x_wconf 91' lang='lat' dir='ltr'><strong>omnia</strong></span> <span class='ocrx_word' id='word_1_107' title='bbox 849 1528 998 1610; x_wconf 88' lang='lat' dir='ltr'><strong>miscere,</strong></span> <span class='ocrx_word' id='word_1_108' title='bbox 1028 1548 1102 1592; x_wconf 88' lang='lat' dir='ltr'><strong>cum</strong></span> 
     </span>
    </p>

    <p class='ocr_par' dir='ltr' id='par_1_3' title="bbox 90 1613 1138 1941">
     <span class='ocr_line' id='line_1_16' title="bbox 90 1613 1102 1699; baseline 0 -22"><span class='ocrx_word' id='word_1_109' title='bbox 93 1614 100 1626; x_wconf 87' lang='lat'>&#39;</span> <span class='ocrx_word' id='word_1_110' title='bbox 90 1613 224 1680; x_wconf 73' lang='lat' dir='ltr'><strong>interim</strong></span> <span class='ocrx_word' id='word_1_111' title='bbox 244 1613 414 1698; x_wconf 87' lang='lat' dir='ltr'><strong>Hiempsal</strong></span> <span class='ocrx_word' id='word_1_112' title='bbox 438 1614 599 1698; x_wconf 87' lang='lat' dir='ltr'><strong>reperitur</strong></span> <span class='ocrx_word' id='word_1_113' title='bbox 628 1615 734 1679; x_wconf 91' lang='lat' dir='ltr'><strong>occult</strong></span> <span class='ocrx_word' id='word_1_114' title='bbox 720 1618 793 1677; x_wconf 87' lang='lat' dir='ltr'><strong>tans</strong></span> <span class='ocrx_word' id='word_1_115' title='bbox 823 1636 856 1678; x_wconf 90' lang='lat' dir='ltr'><strong>se</strong></span> <span class='ocrx_word' id='word_1_116' title='bbox 880 1614 1011 1699; x_wconf 90' lang='lat' dir='ltr'><strong>tugurio</strong></span> <span class='ocrx_word' id='word_1_117' title='bbox 1034 1636 1102 1677; x_wconf 92' lang='lat' dir='ltr'><strong>mu·</strong></span> 
     </span>
     <span class='ocr_line' id='line_1_17' title="bbox 92 1701 1102 1803; baseline 0.002 -39"><span class='ocrx_word' id='word_1_118' title='bbox 92 1701 181 1765; x_wconf 90' lang='lat' dir='ltr'><strong>lieris</strong></span> <span class='ocrx_word' id='word_1_119' title='bbox 205 1701 350 1785; x_wconf 87' lang='lat' dir='ltr'><strong>ancillae,</strong></span> <span class='ocrx_word' id='word_1_120' title='bbox 375 1723 438 1784; x_wconf 93' lang='lat' dir='ltr'><strong>quo</strong></span> <span class='ocrx_word' id='word_1_121' title='bbox 462 1702 557 1766; x_wconf 90' lang='lat' dir='ltr'><strong>initio</strong></span> <span class='ocrx_word' id='word_1_122' title='bbox 577 1702 728 1803; x_wconf 86' lang='lat' dir='ltr'><strong>pavidus</strong></span> <span class='ocrx_word' id='word_1_123' title='bbox 741 1705 773 1766; x_wconf 87' lang='lat' dir='ltr'><strong>et</strong></span> <span class='ocrx_word' id='word_1_124' title='bbox 792 1702 928 1802; x_wconf 34' lang='lat' dir='ltr'><strong>&#39;ignarus</strong></span> <span class='ocrx_word' id='word_1_125' title='bbox 948 1702 1012 1767; x_wconf 91' lang='lat' dir='ltr'><strong>loci</strong></span> <span class='ocrx_word' id='word_1_126' title='bbox 1032 1724 1102 1785; x_wconf 90' lang='lat' dir='ltr'><strong>per·</strong></span> 
     </span>
     <span class='ocr_line' id='line_1_18' title="bbox 91 1788 1138 1876; baseline 0.002 -24"><span class='ocrx_word' id='word_1_127' title='bbox 91 1789 231 1874; x_wconf 83' lang='lat' dir='ltr'><strong>fugerat.</strong></span> <span class='ocrx_word' id='word_1_128' title='bbox 267 1788 427 1854; x_wconf 88' lang='lat' dir='ltr'><strong>Numidae</strong></span> <span class='ocrx_word' id='word_1_129' title='bbox 444 1794 541 1874; x_wconf 86' lang='lat' dir='ltr'><strong>caput</strong></span> <span class='ocrx_word' id='word_1_130' title='bbox 556 1790 634 1874; x_wconf 89' lang='lat' dir='ltr'><strong>eius,</strong></span> <span class='ocrx_word' id='word_1_131' title='bbox 656 1790 728 1855; x_wconf 92' lang='lat' dir='ltr'><strong>uti</strong></span> <span class='ocrx_word' id='word_1_132' title='bbox 719 1789 801 1855; x_wconf 89' lang='lat' dir='ltr'><strong>russi</strong></span> <span class='ocrx_word' id='word_1_133' title='bbox 815 1794 916 1875; x_wconf 84' lang='lat' dir='ltr'><strong>erant,</strong></span> <span class='ocrx_word' id='word_1_134' title='bbox 935 1791 976 1854; x_wconf 88' lang='lat' dir='ltr'><strong>ad</strong></span> <span class='ocrx_word' id='word_1_135' title='bbox 989 1790 1102 1876; x_wconf 87' lang='lat' dir='ltr'><strong>Iugur·</strong></span> <span class='ocrx_word' id='word_1_136' title='bbox 1121 1807 1138 1854; x_wconf 84' lang='lat' dir='ltr'><strong>o</strong></span> 
     </span>
     <span class='ocr_line' id='line_1_19' title="bbox 91 1876 359 1942; baseline 0.004 -2"><span class='ocrx_word' id='word_1_137' title='bbox 91 1877 184 1941; x_wconf 88' lang='lat' dir='ltr'><strong>tham</strong></span> <span class='ocrx_word' id='word_1_138' title='bbox 207 1876 359 1942; x_wconf 87' lang='lat' dir='ltr'><strong>referunt.</strong></span> 
     </span>
    </p>

    <p class='ocr_par' dir='ltr' id='par_1_4' title="bbox 82 1963 1155 3634">
     <span class='ocr_line' id='line_1_20' title="bbox 159 1963 1155 2049; baseline -0.001 -19"><span class='ocrx_word' id='word_1_139' title='bbox 159 1963 311 2030; x_wconf 82' lang='lat' dir='ltr'><strong>Ceterum</strong></span> <span class='ocrx_word' id='word_1_140' title='bbox 333 1964 458 2029; x_wconf 88' lang='lat' dir='ltr'><strong>famat</strong></span> <span class='ocrx_word' id='word_1_141' title='bbox 444 1965 529 2030; x_wconf 92' lang='lat' dir='ltr'><strong>tanti</strong></span> <span class='ocrx_word' id='word_1_142' title='bbox 551 1965 704 2030; x_wconf 87' lang='lat' dir='ltr'><strong>facinoris</strong></span> <span class='ocrx_word' id='word_1_143' title='bbox 727 1989 785 2049; x_wconf 90' lang='lat' dir='ltr'><strong>per</strong></span> <span class='ocrx_word' id='word_1_144' title='bbox 805 1988 934 2031; x_wconf 90' lang='lat' dir='ltr'><strong>omnem</strong></span> <span class='ocrx_word' id='word_1_145' title='bbox 951 1963 1100 2031; x_wconf 85' lang='lat' dir='ltr'><strong>Afrroam</strong></span> <span class='ocrx_word' id='word_1_146' title='bbox 1112 1965 1155 2031; x_wconf 84' lang='lat'><strong>13</strong></span> 
     </span>
     <span class='ocr_line' id='line_1_21' title="bbox 92 2051 1103 2138; baseline -0.001 -21"><span class='ocrx_word' id='word_1_147' title='bbox 92 2053 184 2118; x_wconf 83' lang='lat' dir='ltr'><strong>brevi</strong></span> <span class='ocrx_word' id='word_1_148' title='bbox 205 2053 401 2138; x_wconf 86' lang='lat' dir='ltr'><strong>divolgatur.</strong></span> <span class='ocrx_word' id='word_1_149' title='bbox 438 2051 658 2117; x_wconf 82' lang='lat' dir='ltr'><strong>Adherbalem</strong></span> <span class='ocrx_word' id='word_1_150' title='bbox 681 2054 859 2136; x_wconf 88' lang='lat' dir='ltr'><strong>omnisque,</strong></span> <span class='ocrx_word' id='word_1_151' title='bbox 882 2054 938 2136; x_wconf 94' lang='lat' dir='ltr'><strong>qui</strong></span> <span class='ocrx_word' id='word_1_152' title='bbox 962 2054 1021 2117; x_wconf 90' lang='lat' dir='ltr'><strong>sub</strong></span> <span class='ocrx_word' id='word_1_153' title='bbox 1045 2054 1103 2117; x_wconf 93' lang='lat' dir='ltr'><strong>im-</strong></span> 
     </span>
     <span class='ocr_line' id='line_1_22' title="bbox 91 2139 1101 2224; baseline 0 -20"><span class='ocrx_word' id='word_1_154' title='bbox 91 2140 183 2224; x_wconf 90' lang='lat' dir='ltr'><strong>perio</strong></span> <span class='ocrx_word' id='word_1_155' title='bbox 206 2139 363 2224; x_wconf 82' lang='lat' dir='ltr'><strong>Micipsae</strong></span> <span class='ocrx_word' id='word_1_156' title='bbox 386 2141 525 2223; x_wconf 73' lang='lat' dir='ltr'><strong>buerant,</strong></span> <span class='ocrx_word' id='word_1_157' title='bbox 548 2144 654 2205; x_wconf 89' lang='lat' dir='ltr'><strong>metus</strong></span> <span class='ocrx_word' id='word_1_158' title='bbox 677 2140 810 2205; x_wconf 85' lang='lat' dir='ltr'><strong>invadit.</strong></span> <span class='ocrx_word' id='word_1_159' title='bbox 841 2141 974 2204; x_wconf 90' lang='lat' dir='ltr'><strong>induas</strong></span> <span class='ocrx_word' id='word_1_160' title='bbox 997 2141 1101 2223; x_wconf 87' lang='lat' dir='ltr'><strong>partis</strong></span> 
     </span>
     <span class='ocr_line' id='line_1_23' title="bbox 91 2227 1102 2312; baseline -0.002 -19"><span class='ocrx_word' id='word_1_161' title='bbox 91 2228 263 2293; x_wconf 92' lang='lat' dir='ltr'><strong>discedunt</strong></span> <span class='ocrx_word' id='word_1_162' title='bbox 285 2227 459 2293; x_wconf 90' lang='lat' dir='ltr'><strong>Numidae:</strong></span> <span class='ocrx_word' id='word_1_163' title='bbox 482 2228 592 2312; x_wconf 90' lang='lat' dir='ltr'><strong>plures</strong></span> <span class='ocrx_word' id='word_1_164' title='bbox 615 2227 834 2291; x_wconf 87' lang='lat' dir='ltr'><strong>Adherbalem</strong></span> <span class='ocrx_word' id='word_1_165' title='bbox 858 2231 1023 2311; x_wconf 88' lang='lat' dir='ltr'><strong>secuntur,</strong></span> <span class='ocrx_word' id='word_1_166' title='bbox 1046 2227 1102 2291; x_wconf 90' lang='lat' dir='ltr'><strong>sed</strong></span> 
     </span>
     <span class='ocr_line' id='line_1_24' title="bbox 92 2315 1137 2401; baseline -0.003 -20"><span class='ocrx_word' id='word_1_167' title='bbox 92 2317 186 2381; x_wconf 92' lang='lat' dir='ltr'><strong>illum</strong></span> <span class='ocrx_word' id='word_1_168' title='bbox 210 2316 350 2382; x_wconf 88' lang='lat' dir='ltr'><strong>alterurn</strong></span> <span class='ocrx_word' id='word_1_169' title='bbox 379 2317 467 2381; x_wconf 90' lang='lat' dir='ltr'><strong>bello</strong></span> <span class='ocrx_word' id='word_1_170' title='bbox 491 2315 651 2379; x_wconf 87' lang='lat' dir='ltr'><strong>meliores.</strong></span> <span class='ocrx_word' id='word_1_171' title='bbox 695 2315 798 2397; x_wconf 90' lang='lat' dir='ltr'><strong>igitur</strong></span> <span class='ocrx_word' id='word_1_172' title='bbox 820 2315 982 2401; x_wconf 82' lang='lat' dir='ltr'><strong>Iugurtha</strong></span> <span class='ocrx_word' id='word_1_173' title='bbox 1005 2331 1137 2398; x_wconf 78' lang='lat' dir='ltr'><strong>quama</strong></span> 
     </span>
     <span class='ocr_line' id='line_1_25' title="bbox 93 2403 1102 2489; baseline -0.001 -20"><span class='ocrx_word' id='word_1_174' title='bbox 93 2427 261 2469; x_wconf 85' lang='lat' dir='ltr'><strong>maxumas</strong></span> <span class='ocrx_word' id='word_1_175' title='bbox 284 2409 395 2489; x_wconf 89' lang='lat' dir='ltr'><strong>potest</strong></span> <span class='ocrx_word' id='word_1_176' title='bbox 419 2403 528 2488; x_wconf 89' lang='lat' dir='ltr'><strong>copias</strong></span> <span class='ocrx_word' id='word_1_177' title='bbox 553 2407 672 2486; x_wconf 91' lang='lat' dir='ltr'><strong>armat,</strong></span> <span class='ocrx_word' id='word_1_178' title='bbox 699 2403 789 2468; x_wconf 88' lang='lat' dir='ltr'><strong>urbis</strong></span> <span class='ocrx_word' id='word_1_179' title='bbox 812 2404 934 2488; x_wconf 86' lang='lat' dir='ltr'><strong>partim</strong></span> <span class='ocrx_word' id='word_1_180' title='bbox 961 2404 994 2468; x_wconf 90' lang='lat' dir='ltr'><strong>vi</strong></span> <span class='ocrx_word' id='word_1_181' title='bbox 1021 2404 1102 2469; x_wconf 87' lang='lat' dir='ltr'><strong>alias</strong></span> 
     </span>
     <span class='ocr_line' id='line_1_26' title="bbox 92 2491 1102 2576; baseline -0.001 -18"><span class='ocrx_word' id='word_1_182' title='bbox 92 2493 261 2558; x_wconf 90' lang='lat' dir='ltr'><strong>voluntate</strong></span> <span class='ocrx_word' id='word_1_183' title='bbox 284 2493 421 2576; x_wconf 86' lang='lat' dir='ltr'><strong>imperio</strong></span> <span class='ocrx_word' id='word_1_184' title='bbox 446 2515 504 2557; x_wconf 87' lang='lat' dir='ltr'><strong>suo</strong></span> <span class='ocrx_word' id='word_1_185' title='bbox 524 2491 680 2576; x_wconf 91' lang='lat' dir='ltr'><strong>adiungit,</strong></span> <span class='ocrx_word' id='word_1_186' title='bbox 704 2492 792 2556; x_wconf 94' lang='lat' dir='ltr'><strong>omni</strong></span> <span class='ocrx_word' id='word_1_187' title='bbox 811 2491 984 2557; x_wconf 89' lang='lat' dir='ltr'><strong>Numidiae</strong></span> <span class='ocrx_word' id='word_1_188' title='bbox 1003 2493 1102 2576; x_wconf 90' lang='lat' dir='ltr'><strong>impe·</strong></span> 
     </span>
     <span class='ocr_line' id='line_1_27' title="bbox 82 2579 1137 2665; baseline -0.001 -21"><span class='ocrx_word' id='word_1_189' title='bbox 82 2598 164 2646; x_wconf 69' lang='lat' dir='ltr'><strong>‘rare</strong></span> <span class='ocrx_word' id='word_1_190' title='bbox 178 2584 282 2665; x_wconf 88' lang='lat' dir='ltr'><strong>parat.</strong></span> <span class='ocrx_word' id='word_1_191' title='bbox 314 2580 480 2645; x_wconf 82' lang='lat' dir='ltr'><strong>Adherbal</strong></span> <span class='ocrx_word' id='word_1_192' title='bbox 499 2581 632 2645; x_wconf 91' lang='lat' dir='ltr'><strong>tametsi</strong></span> <span class='ocrx_word' id='word_1_193' title='bbox 646 2579 786 2644; x_wconf 85' lang='lat' dir='ltr'><strong>Romam</strong></span> <span class='ocrx_word' id='word_1_194' title='bbox 808 2580 935 2665; x_wconf 90' lang='lat' dir='ltr'><strong>legatos</strong></span> <span class='ocrx_word' id='word_1_195' title='bbox 959 2581 1101 2663; x_wconf 81' lang='lat' dir='ltr'><strong>miserat,</strong></span> <span class='ocrx_word' id='word_1_196' title='bbox 1121 2595 1137 2643; x_wconf 84' lang='lat'><strong>3</strong></span> 
     </span>
     <span class='ocr_line' id='line_1_28' title="bbox 92 2666 1102 2752; baseline -0.003 -19"><span class='ocrx_word' id='word_1_197' title='bbox 92 2669 148 2752; x_wconf 92' lang='lat' dir='ltr'><strong>qui</strong></span> <span class='ocrx_word' id='word_1_198' title='bbox 172 2673 323 2733; x_wconf 91' lang='lat' dir='ltr'><strong>senatum</strong></span> <span class='ocrx_word' id='word_1_199' title='bbox 341 2669 493 2733; x_wconf 89' lang='lat' dir='ltr'><strong>docerent</strong></span> <span class='ocrx_word' id='word_1_200' title='bbox 510 2670 548 2733; x_wconf 89' lang='lat' dir='ltr'><strong>de</strong></span> <span class='ocrx_word' id='word_1_201' title='bbox 568 2667 663 2732; x_wconf 91' lang='lat' dir='ltr'><strong>caede</strong></span> <span class='ocrx_word' id='word_1_202' title='bbox 681 2666 794 2731; x_wconf 83' lang='lat' dir='ltr'><strong>fratris</strong></span> <span class='ocrx_word' id='word_1_203' title='bbox 814 2672 847 2731; x_wconf 92' lang='lat' dir='ltr'><strong>et</strong></span> <span class='ocrx_word' id='word_1_204' title='bbox 864 2667 1005 2732; x_wconf 85' lang='lat' dir='ltr'><strong>fortunis</strong></span> <span class='ocrx_word' id='word_1_205' title='bbox 1026 2668 1102 2750; x_wconf 92' lang='lat' dir='ltr'><strong>suis,</strong></span> 
     </span>
     <span class='ocr_line' id='line_1_29' title="bbox 92 2754 1102 2838; baseline -0.001 -18"><span class='ocrx_word' id='word_1_206' title='bbox 92 2761 204 2821; x_wconf 89' lang='lat' dir='ltr'><strong>tamen</strong></span> <span class='ocrx_word' id='word_1_207' title='bbox 225 2756 329 2821; x_wconf 80' lang='lat' dir='ltr'><strong>fretus</strong></span> <span class='ocrx_word' id='word_1_208' title='bbox 353 2757 560 2821; x_wconf 88' lang='lat' dir='ltr'><strong>multitudine</strong></span> <span class='ocrx_word' id='word_1_209' title='bbox 584 2755 727 2819; x_wconf 91' lang='lat' dir='ltr'><strong>militum</strong></span> <span class='ocrx_word' id='word_1_210' title='bbox 749 2756 888 2838; x_wconf 88' lang='lat' dir='ltr'><strong>parabat</strong></span> <span class='ocrx_word' id='word_1_211' title='bbox 912 2754 1010 2818; x_wconf 91' lang='lat' dir='ltr'><strong>armis</strong></span> <span class='ocrx_word' id='word_1_212' title='bbox 1030 2777 1102 2819; x_wconf 89' lang='lat' dir='ltr'><strong>con-</strong></span> 
     </span>
     <span class='ocr_line' id='line_1_30' title="bbox 93 2842 1138 2924; baseline -0.003 -15"><span class='ocrx_word' id='word_1_213' title='bbox 93 2845 233 2911; x_wconf 90' lang='lat' dir='ltr'><strong>tendere.</strong></span> <span class='ocrx_word' id='word_1_214' title='bbox 278 2845 334 2909; x_wconf 91' lang='lat' dir='ltr'><strong>sed</strong></span> <span class='ocrx_word' id='word_1_215' title='bbox 366 2846 423 2909; x_wconf 93' lang='lat' dir='ltr'><strong>ubi</strong></span> <span class='ocrx_word' id='word_1_216' title='bbox 451 2866 502 2909; x_wconf 90' lang='lat' dir='ltr'><strong>res</strong></span> <span class='ocrx_word' id='word_1_217' title='bbox 531 2844 571 2908; x_wconf 92' lang='lat' dir='ltr'><strong>ad</strong></span> <span class='ocrx_word' id='word_1_218' title='bbox 599 2846 764 2908; x_wconf 90' lang='lat' dir='ltr'><strong>certarnen</strong></span> <span class='ocrx_word' id='word_1_219' title='bbox 794 2843 896 2924; x_wconf 90' lang='lat' dir='ltr'><strong>venit,</strong></span> <span class='ocrx_word' id='word_1_220' title='bbox 929 2842 1034 2906; x_wconf 85' lang='lat' dir='ltr'><strong>victus</strong></span> <span class='ocrx_word' id='word_1_221' title='bbox 1063 2857 1138 2906; x_wconf 70' lang='lat' dir='ltr'><strong>ext</strong></span> 
     </span>
     <span class='ocr_line' id='line_1_31' title="bbox 92 2930 1102 3018; baseline -0.001 -23"><span class='ocrx_word' id='word_1_222' title='bbox 92 2932 217 3016; x_wconf 87' lang='lat' dir='ltr'><strong>proelio</strong></span> <span class='ocrx_word' id='word_1_223' title='bbox 240 2933 388 3018; x_wconf 82' lang='lat' dir='ltr'><strong>profugit</strong></span> <span class='ocrx_word' id='word_1_224' title='bbox 410 2934 446 2997; x_wconf 94' lang='lat' dir='ltr'><strong>in</strong></span> <span class='ocrx_word' id='word_1_225' title='bbox 463 2931 664 3016; x_wconf 84' lang='lat' dir='ltr'><strong>provinciam</strong></span> <span class='ocrx_word' id='word_1_226' title='bbox 683 2953 721 2994; x_wconf 92' lang='lat' dir='ltr'><strong>ac</strong></span> <span class='ocrx_word' id='word_1_227' title='bbox 739 2930 852 2995; x_wconf 90' lang='lat' dir='ltr'><strong>deinde</strong></span> <span class='ocrx_word' id='word_1_228' title='bbox 871 2930 1010 2994; x_wconf 90' lang='lat' dir='ltr'><strong>Romam</strong></span> <span class='ocrx_word' id='word_1_229' title='bbox 1030 2952 1102 2995; x_wconf 91' lang='lat' dir='ltr'><strong>con-</strong></span> 
     </span>
     <span class='ocr_line' id='line_1_32' title="bbox 93 3019 1137 3106; baseline -0.003 -22"><span class='ocrx_word' id='word_1_230' title='bbox 93 3020 207 3084; x_wconf 91' lang='lat' dir='ltr'><strong>tendit.</strong></span> <span class='ocrx_word' id='word_1_231' title='bbox 262 3025 333 3084; x_wconf 95' lang='lat' dir='ltr'><strong>tum</strong></span> <span class='ocrx_word' id='word_1_232' title='bbox 364 3019 482 3106; x_wconf 87' lang='lat' dir='ltr'><strong>Iugurt</strong></span> <span class='ocrx_word' id='word_1_233' title='bbox 468 3021 526 3085; x_wconf 92' lang='lat' dir='ltr'><strong>tha</strong></span> <span class='ocrx_word' id='word_1_234' title='bbox 557 3019 697 3103; x_wconf 87' lang='lat' dir='ltr'><strong>patratis</strong></span> <span class='ocrx_word' id='word_1_235' title='bbox 730 3019 890 3104; x_wconf 88' lang='lat' dir='ltr'><strong>consiliis,</strong></span> <span class='ocrx_word' id='word_1_236' title='bbox 926 3041 986 3103; x_wconf 90' lang='lat' dir='ltr'><strong>pos</strong></span> <span class='ocrx_word' id='word_1_237' title='bbox 988 3023 1137 3102; x_wconf 74' lang='lat' dir='ltr'><strong>tquamo</strong></span> 
     </span>
     <span class='ocr_line' id='line_1_33' title="bbox 93 3107 1102 3192; baseline -0.002 -19"><span class='ocrx_word' id='word_1_238' title='bbox 93 3108 183 3173; x_wconf 95' lang='lat' dir='ltr'><strong>omni</strong></span> <span class='ocrx_word' id='word_1_239' title='bbox 205 3107 361 3172; x_wconf 89' lang='lat' dir='ltr'><strong>Numidia</strong></span> <span class='ocrx_word' id='word_1_240' title='bbox 383 3108 584 3192; x_wconf 87' lang='lat' dir='ltr'><strong>potiebatur,</strong></span> <span class='ocrx_word' id='word_1_241' title='bbox 611 3108 646 3171; x_wconf 92' lang='lat' dir='ltr'><strong>in</strong></span> <span class='ocrx_word' id='word_1_242' title='bbox 669 3107 737 3171; x_wconf 92' lang='lat' dir='ltr'><strong>otio</strong></span> <span class='ocrx_word' id='word_1_243' title='bbox 761 3107 886 3177; x_wconf 88' lang='lat' dir='ltr'><strong>facinus</strong></span> <span class='ocrx_word' id='word_1_244' title='bbox 911 3129 1005 3171; x_wconf 88' lang='lat' dir='ltr'><strong>suum</strong></span> <span class='ocrx_word' id='word_1_245' title='bbox 1029 3129 1102 3172; x_wconf 91' lang='lat' dir='ltr'><strong>cum</strong></span> 
     </span>
     <span class='ocr_line' id='line_1_34' title="bbox 92 3158 1103 3280; baseline -0.002 -21"><span class='ocrx_word' id='word_1_246' title='bbox 92 3196 201 3260; x_wconf 91' lang='lat' dir='ltr'><strong>animo</strong></span> <span class='ocrx_word' id='word_1_247' title='bbox 224 3200 378 3280; x_wconf 87' lang='lat' dir='ltr'><strong>reputans</strong></span> <span class='ocrx_word' id='word_1_248' title='bbox 402 3198 517 3261; x_wconf 92' lang='lat' dir='ltr'><strong>timere</strong></span> <span class='ocrx_word' id='word_1_249' title='bbox 544 3158 702 3279; x_wconf 81' lang='lat' dir='ltr'><strong>pdpulum</strong></span> <span class='ocrx_word' id='word_1_250' title='bbox 719 3194 904 3260; x_wconf 91' lang='lat' dir='ltr'><strong>Romanum</strong></span> <span class='ocrx_word' id='word_1_251' title='bbox 926 3217 1030 3277; x_wconf 92' lang='lat' dir='ltr'><strong>neque</strong></span> <span class='ocrx_word' id='word_1_252' title='bbox 1050 3193 1103 3257; x_wconf 90' lang='lat' dir='ltr'><strong>ad-</strong></span> 
     </span>
     <span class='ocr_line' id='line_1_35' title="bbox 92 3281 1101 3368; baseline -0.003 -20"><span class='ocrx_word' id='word_1_253' title='bbox 92 3305 207 3349; x_wconf 86' lang='lat' dir='ltr'><strong>vorsus</strong></span> <span class='ocrx_word' id='word_1_254' title='bbox 235 3284 318 3348; x_wconf 89' lang='lat' dir='ltr'><strong>iram</strong></span> <span class='ocrx_word' id='word_1_255' title='bbox 345 3285 413 3350; x_wconf 90' lang='lat' dir='ltr'><strong>eius</strong></span> <span class='ocrx_word' id='word_1_256' title='bbox 442 3305 581 3368; x_wconf 87' lang='lat' dir='ltr'><strong>usquam</strong></span> <span class='ocrx_word' id='word_1_257' title='bbox 607 3283 672 3347; x_wconf 93' lang='lat' dir='ltr'><strong>nisi</strong></span> <span class='ocrx_word' id='word_1_258' title='bbox 699 3283 734 3346; x_wconf 94' lang='lat' dir='ltr'><strong>in</strong></span> <span class='ocrx_word' id='word_1_259' title='bbox 757 3284 860 3347; x_wconf 88' lang='lat' dir='ltr'><strong>avarit</strong></span> <span class='ocrx_word' id='word_1_260' title='bbox 861 3284 893 3346; x_wconf 89' lang='lat' dir='ltr'><strong>ia</strong></span> <span class='ocrx_word' id='word_1_261' title='bbox 846 3282 1035 3346; x_wconf 91' lang='lat' dir='ltr'><strong>tnobilit</strong></span> <span class='ocrx_word' id='word_1_262' title='bbox 1021 3281 1101 3345; x_wconf 88' lang='lat' dir='ltr'><strong>tatis</strong></span> 
     </span>
     <span class='ocr_line' id='line_1_36' title="bbox 91 3369 1137 3457; baseline -0.004 -21"><span class='ocrx_word' id='word_1_263' title='bbox 91 3376 126 3436; x_wconf 90' lang='lat' dir='ltr'><strong>et</strong></span> <span class='ocrx_word' id='word_1_264' title='bbox 144 3373 281 3456; x_wconf 89' lang='lat' dir='ltr'><strong>pecunia</strong></span> <span class='ocrx_word' id='word_1_265' title='bbox 300 3395 358 3437; x_wconf 87' lang='lat' dir='ltr'><strong>sua</strong></span> <span class='ocrx_word' id='word_1_266' title='bbox 377 3395 467 3457; x_wconf 90' lang='lat' dir='ltr'><strong>spem</strong></span> <span class='ocrx_word' id='word_1_267' title='bbox 485 3371 672 3437; x_wconf 78' lang='lat' dir='ltr'><strong>haberer</strong></span> <span class='ocrx_word' id='word_1_268' title='bbox 675 3393 756 3454; x_wconf 91' lang='lat' dir='ltr'><strong>aque</strong></span> <span class='ocrx_word' id='word_1_269' title='bbox 770 3371 881 3454; x_wconf 86' lang='lat' dir='ltr'><strong>paucis</strong></span> <span class='ocrx_word' id='word_1_270' title='bbox 901 3369 1013 3433; x_wconf 86' lang='lat' dir='ltr'><strong>diebus</strong></span> <span class='ocrx_word' id='word_1_271' title='bbox 1028 3391 1101 3434; x_wconf 89' lang='lat' dir='ltr'><strong>curn</strong></span> <span class='ocrx_word' id='word_1_272' title='bbox 1121 3385 1137 3432; x_wconf 81' lang='grc'><strong>6</strong></span> 
     </span>
     <span class='ocr_line' id='line_1_37' title="bbox 92 3457 1100 3546; baseline -0.004 -22"><span class='ocrx_word' id='word_1_273' title='bbox 92 3482 171 3525; x_wconf 90' lang='lat' dir='ltr'><strong>auro</strong></span> <span class='ocrx_word' id='word_1_274' title='bbox 204 3465 238 3525; x_wconf 92' lang='lat' dir='ltr'><strong>et</strong></span> <span class='ocrx_word' id='word_1_275' title='bbox 265 3466 402 3546; x_wconf 90' lang='lat' dir='ltr'><strong>argento</strong></span> <span class='ocrx_word' id='word_1_276' title='bbox 430 3461 535 3526; x_wconf 91' lang='lat' dir='ltr'><strong>multo</strong></span> <span class='ocrx_word' id='word_1_277' title='bbox 558 3459 698 3524; x_wconf 88' lang='lat' dir='ltr'><strong>Romam</strong></span> <span class='ocrx_word' id='word_1_278' title='bbox 721 3459 847 3542; x_wconf 88' lang='lat' dir='ltr'><strong>legatos</strong></span> <span class='ocrx_word' id='word_1_279' title='bbox 875 3457 994 3540; x_wconf 91' lang='lat' dir='ltr'><strong>mittit,</strong></span> <span class='ocrx_word' id='word_1_280' title='bbox 1028 3458 1100 3540; x_wconf 92' lang='lat' dir='ltr'><strong>quis</strong></span> 
     </span>
     <span class='ocr_line' id='line_1_38' title="bbox 92 3507 1102 3634; baseline -0.003 -22"><span class='ocrx_word' id='word_1_281' title='bbox 92 3549 270 3634; x_wconf 86' lang='lat' dir='ltr'><strong>praecepit,</strong></span> <span class='ocrx_word' id='word_1_282' title='bbox 297 3550 440 3633; x_wconf 92' lang='lat' dir='ltr'><strong>primurn</strong></span> <span class='ocrx_word' id='word_1_283' title='bbox 466 3549 517 3613; x_wconf 88' lang='lat' dir='ltr'><strong>uti</strong></span> <span class='ocrx_word' id='word_1_284' title='bbox 538 3551 664 3613; x_wconf 85' lang='lat' dir='ltr'><strong>veteres</strong></span> <span class='ocrx_word' id='word_1_285' title='bbox 693 3546 813 3610; x_wconf 87' lang='lat' dir='ltr'><strong>amicos</strong></span> <span class='ocrx_word' id='word_1_286' title='bbox 838 3507 1026 3609; x_wconf 74' lang='lat' dir='ltr'><strong>muneribias</strong></span> <span class='ocrx_word' id='word_1_287' title='bbox 1050 3567 1102 3610; x_wconf 87' lang='lat' dir='ltr'><strong>ex·</strong></span> 
     </span>
    </p>
   </div>
   <div class='ocr_carea' id='block_1_3' title="bbox 146 3655 959 3704">
    <p class='ocr_par' dir='ltr' id='par_1_5' title="bbox 146 3655 959 3704">
     <span class='ocr_line' id='line_1_39' title="bbox 146 3655 959 3704; baseline 0 -1"><span class='ocrx_word' id='word_1_288' title='bbox 146 3660 195 3703; x_wconf 73' lang='lat' dir='ltr'><strong>San</strong></span> <span class='ocrx_word' id='word_1_289' title='bbox 197 3671 306 3704; x_wconf 81' lang='lat' dir='ltr'><strong>sssssss</strong></span> <span class='ocrx_word' id='word_1_290' title='bbox 941 3655 959 3703; x_wconf 83' lang='lat'>4</span> 
     </span>
    </p>
   </div>
   <div class='ocr_carea' id='block_1_4' title="bbox 0 0 1279 4192">
    <p class='ocr_par' dir='ltr' id='par_1_6' title="bbox 0 0 1279 4192">
     <span class='ocr_line' id='line_1_40' title="bbox 0 0 1279 4192; baseline 0 0"><span class='ocrx_word' id='word_1_291' title='bbox 0 0 1279 4192; x_wconf 95' lang='lat' dir='ltr'><strong> </strong></span> 
     </span>
    </p>
   </div>
  </div>
 </body>
</html>
