2542 4192
263 249 409 304 BELLUM
426 246 684 304 IUGURTHlNUM
703 265 725 304 1.
744 255 858 304 41-44.
1028 250 1070 314 73

60 394 149 458 malo
173 415 263 458 more
285 393 438 458 iniuriam
460 393 596 458 vincere.
640 394 744 479 igitur
766 416 805 459 ea
827 393 964 459 victoria
981 394 1108 459 nobi-4

61 483 140 546 litas
168 503 207 546 ex
234 481 378 546 lubidine
406 503 465 546 sua
491 502 551 544 usa
578 481 699 546 multos
727 482 876 547 mortalis
903 480 990 546 ferro
1015 486 1072 548 111

60 570 142 655 fuga
170 569 309 634 extinxit
336 570 475 653 plusque
502 569 537 633 in
563 568 698 633 relicum
726 570 789 634 sibi
816 569 945 634 timoris
974 592 1072 654 quam

60 658 228 742 potentiae
256 657 388 722 addidit.
434 678 515 740 quae
543 678 594 721 res
620 658 810 741 plerumque
838 679 973 744 magnes
997 658 1072 723 civi-

61 745 142 810 tatis
165 766 298 830 pessum
320 744 421 829 dedit,
444 745 522 809 dum
544 744 640 808 alteri
663 745 782 810 alteros
806 745 932 811 vincere
957 745 1070 829 quovis

60 833 159 898 modo
183 837 217 897 11
239 833 343 898 victos
362 832 509 897 acerbius
528 831 641 897 ulcisci
659 833 781 898 volunt.
818 833 874 898 sed
897 833 935 897 de
955 834 1071 898 studiis
1091 846 1109 895 1

61 921 210 1005 partium
233 925 266 985 et
290 921 394 985 omnis
418 920 562 985 civitatis
586 920 730 985 moribus
755 921 785 985 si
803 921 997 1006 singillatim
1016 925 1072 986 111

61 1031 123 1092 pro
151 1008 374 1094 magnitudine
400 1030 513 1093 parem
541 1007 711 1093 disserere,
738 1012 870 1093 tempus
896 1031 994 1092 quam
1020 1031 1072 1073 res

62 1096 225 1161 maturius
240 1117 291 1161 me
306 1096 440 1161 deseret.
478 1117 575 1180 quam
594 1097 635 1161 ob
651 1119 720 1161 rem
735 1097 775 1160 ad
788 1096 954 1181 inceptum
968 1098 1071 1175 redeo.

130 1183 211 1249 Post
229 1183 308 1248 Auli
326 1182 438 1249 foedus
458 1184 681 1267 exercitusque
698 1184 805 1249 nostri
818 1183 946 1249 foedam
958 1183 1073 1270 fugam
1081 1183 1128 1247 43

61 1271 216 1336 Metellus
238 1275 272 1336 et
291 1270 420 1337 Silanus
439 1272 587 1337 consules
606 1272 767 1357 designati
785 1272 969 1357 provincias
987 1272 1073 1336 inter

62 1381 99 1424 11
121 1359 323 1444 partiverant
345 1358 542 1443 Metelloque
561 1359 717 1424 Numidia
735 1364 894 1445 11111111,
917 1360 984 1425 aori
1002 1360 1072 1424 viro

62 1451 112 1532 11,
140 1469 337 1531 quamquam
363 1448 499 1512 advorso
526 1448 639 1530 populi
665 1448 822 1532 partium,
849 1448 936 1512 fama
963 1453 1074 1512 tamen

17 1554 23 1565 ‘
62 1535 227 1618 aequabili
254 1540 288 1600 et
314 1535 478 1600 inviolata.
527 1535 556 1600 is
589 1535 646 1599 ubi
672 1535 815 1619 primum
842 1536 1110 1622 magistratuma

63 1623 233 1708 ingressus
256 1627 316 1708 est,
339 1623 404 1687 alia
427 1623 536 1687 omnia
559 1622 622 1687 sibi
646 1644 719 1687 oum
742 1623 877 1709 conlega
899 1627 1004 1707 ratus,
1033 1622 1074 1686 11

62 1711 197 1796 bellum,
208 1711 293 1795 quod
304 1715 455 1796 gesturus
466 1714 545 1793 erat,
556 1710 699 1775 animum
709 1710 856 1776 intendit.
880 1710 983 1797 igitur
992 1709 1074 1775 diffi·
1092 1725 1111 1774 3

64 1799 261 1878 1111111111
276 1799 431 1864 exercitui
445 1799 566 1863 milites
583 1799 729 1884 [eligere]
745 1799 895 1884 scribere,
912 1799 1075 1882 praesidia

62 1886 206 1971 undique
230 1908 404 1972 arcessere,
432 1887 619 1970 1111111111,
647 1908 746 1971 equos
770 1892 934 1952 11111111
955 1887 1074 1952 instru-

64 1979 177 2039 menta
196 1975 334 2039 militiae
347 1997 471 2059 perere,
491 1975 606 2039 adhoc
621 1979 827 2040 conmeatum
842 1975 974 2059 affatim,
988 1975 1074 2039 deni-

64 2083 128 2146 que
143 2063 260 2147 omnia,
275 2084 357 2146 quae
371 2063 407 2126 in
419 2063 505 2127 bello
516 2062 606 2126 vario
617 2066 650 2126 et
659 2061 836 2125 multarum
846 2083 954 2126 rerum
964 2062 1073 2146 egenti

63 2149 139 2214 usui
152 2172 222 2215 esse
237 2151 352 2216 solent.
380 2154 523 2214 ceterum
538 2150 578 2213 ad
593 2171 630 2213 11
643 2150 802 2233 patranda
818 2152 950 2213 senatus
965 2152 1073 2212 aucto·
1091 2164 1110 2212 4

63 2238 172 2324 ritate,
195 2238 276 2304 socii
296 2259 479 2321 nomenque
501 2235 657 2301 Latinum
680 2241 713 2300 et
735 2257 828 2321 reges
846 2237 933 2301 ultro
954 2235 1074 2300 auxilia

65 2326 244 2411 mittendo,
270 2330 436 2410 postremo
465 2325 570 2389 omnis
598 2324 713 2389 civitas
741 2346 867 2389 summo
891 2323 998 2389 studio
1022 2324 1074 2387 ad-

63 2413 240 2479 nitebatur.
286 2415 396 2497 itaque
419 2435 459 2477 ex
482 2413 643 2477 sententia
665 2413 815 2478 omnibus
834 2413 931 2478 rebus
949 2412 1111 2496 paratist

64 2502 306 2585 conpositisque
332 2502 368 2566 in
396 2501 585 2566 Numidiam
611 2501 842 2586 proficiscitur,
870 2521 989 2585 magna
1017 2521 1074 2585 spe

66 2588 186 2653 civium
214 2611 287 2654 cum
314 2594 448 2674 propter
475 2590 556 2654 11111
584 2590 686 2654 bonas
713 2594 785 2653 tum
812 2610 960 2653 maxume
989 2588 1074 2671 quod

67 2676 241 2742 advorsum
265 2677 395 2742 divitias
422 2677 580 2742 invictum
607 2678 752 2741 animum
779 2677 914 2760 gerebat
941 2679 975 2739 11
1003 2696 1074 2739 ava-

65 2763 144 2829 ritia
161 2765 415 2849 magistratuum
433 2769 508 2830 ante
527 2764 560 2829 id
578 2768 707 2848 tempus
721 2765 757 2827 in
769 2762 926 2828 Numidia
942 2765 1074 2826 nostrae

65 2873 143 2936 opes
168 2858 321 2918 contusae
344 2853 553 2937 hostiumque
577 2855 690 2917 auctae
713 2854 814 2915 erant.
1204 2921 1209 2925 ,

133 2939 197 3005 Sed
223 2941 280 3005 ubi
302 2941 338 3006 in
359 2938 506 3006 Africam
528 2940 630 3024 venit,
653 2939 813 3004 exereitus
838 2939 867 3004 ei
890 2938 1032 3003 traditur
1055 2939 1130 3004 144

66 3025 120 3110 Sp.
143 3028 264 3093 Albino
291 3029 483 3113 proconsule
510 3029 597 3093 iners
629 3028 773 3112 inbellis,
802 3049 906 3112 neque
938 3026 1075 3112 periculi

64 3136 168 3198 neque
192 3116 314 3182 laboris
337 3117 479 3201 patiens,
505 3116 619 3201 lingua
642 3137 739 3198 quam
763 3137 860 3180 manu
882 3115 1074 3199 promptior,

64 3204 240 3286 praedator
268 3226 307 3268 11
334 3204 431 3269 sociis
455 3203 579 3288 etipse
601 3203 902 3287 praedahostium,
926 3201 1075 3266 111111111-

64 3291 155 3373 perio
184 3295 218 3356 11
242 3292 403 3356 modestia
424 3291 567 3356 habitus.
611 3292 660 3356 ita
681 3291 871 3376 imperatori
892 3311 978 3355 novo
1001 3288 1074 3371 plus
1094 3303 1112 3351 a

66 3399 105 3442 ex
124 3379 219 3444 malis
238 3380 383 3444 moribus
403 3379 632 3444 sollicitudinis
652 3401 749 3463 quam
768 3400 806 3442 11
826 3377 919 3460 copia
932 3375 1076 3439 militum

65 3466 166 3530 auxili
194 3471 252 3532 aut
280 3467 349 3551 spei
376 3467 481 3532 bonae
510 3467 693 3532 adcedebat.
738 3465 856 3530 statuit
878 3469 988 3528 11111111
1010 3462 1112 3528 Mea

65 3555 176 3639 tellus,
206 3577 403 3639 quamquam
430 3559 463 3620 11
491 3555 689 3619 aestivorum
716 3557 844 3638 tempus
868 3551 1076 3618 comitiorum
