2542 4192
191 232 255 297 126
518 229 545 288 O.
566 230 736 286 SALLUSTI
755 230 871 285 oursel

189 377 240 441 bis
265 381 299 441 et
320 381 432 441 vatum
456 375 653 440 carminibus
675 397 789 458 paoem
812 375 935 458 optatis
963 376 1069 462 magis
1100 398 1200 460 quam

190 464 371 548 defenditis,
388 484 493 546 neque
512 463 705 548 intellegitis
723 463 864 527 mollitia
883 464 1087 529 decretorum
1105 466 1200 530 vobis

153 569 171 617 4
189 553 393 638 dignitatem,
409 551 459 615 illi
477 554 601 616 metum
620 551 755 615 detrahi.
779 555 876 635 atque
895 551 929 614 id
946 551 1024 636 iure,
1044 553 1197 635 quoniam

190 662 229 705 ex
251 640 374 722 rapinis
394 639 608 723 consulatum,
632 640 673 703 ob
694 638 886 704 seditionem
904 640 1107 722 provinciam
1126 663 1200 706 cum

190 728 333 792 exercitu
356 728 492 811 adeptus
515 730 574 792 est.
607 727 685 809 quid
706 727 762 790 ille
782 728 823 792 ob
842 728 924 791 bene
942 726 1031 792 facta
1050 729 1202 814 cepisset,

155 816 280 881 scuius
305 815 481 882 sceleribus
504 818 598 879 tanta
620 815 765 897 praemia
787 815 973 880 tribuistis?
1015 820 1051 880 at
1073 817 1201 882 scilicet

189 925 254 987 eos,
269 904 326 987 qui
340 903 381 968 ad
393 907 597 988 postremum
610 924 713 985 usque
726 903 855 987 legatos
868 924 982 986 paoem
992 906 1200 969 concordiam

190 995 223 1055 et
242 991 307 1055 alia
324 991 458 1058 huiusce
473 991 561 1055 modi
580 991 798 1074 decreverunt,
821 991 963 1075 gratiam
982 992 1023 1056 ab
1043 1014 1081 1057 eo
1105 1014 1201 1076 pepe·

189 1078 281 1144 risse.
304 1079 404 1144 immo
423 1079 568 1162 despecti
585 1083 619 1143 et
637 1079 763 1163 indigni
781 1101 816 1143 re
834 1079 966 1162 publica
983 1079 1091 1144 habiti
1109 1103 1200 1165 prae-

190 1168 248 1232 dae
271 1168 343 1233 loco
366 1169 599 1250 aestumantur,
623 1166 741 1250 quippe
765 1171 854 1232 metu
872 1189 985 1250 pacem
1004 1172 1201 1254 repetentes,

190 1277 253 1339 quo
276 1255 424 1319 habitam
447 1255 633 1319 amiserant.

155 1362 171 1411 a
264 1343 426 1426 Equidem
457 1364 477 1406 a
507 1342 682 1426 principio,
714 1365 788 1407 cum
819 1342 988 1408 Etruriam
1020 1344 1202 1429 coniurare,

188 1431 390 1514 proscriptos
414 1431 548 1515 accersi,
575 1430 805 1515 largitionibus
833 1431 1090 1515 rempublicam
1117 1433 1201 1498 lace·

188 1519 255 1583 rari
277 1519 436 1603 videbam,
459 1519 689 1583 maturandum
711 1520 868 1602 putabam
886 1523 920 1584 et
934 1518 1043 1584 Catuli
1063 1521 1202 1586 consilia

190 1629 264 1672 eum
293 1608 405 1691 paucis
438 1611 568 1672 secutus
601 1629 681 1671 sum.
732 1611 875 1672 ceterum
906 1607 969 1691 illi,
1001 1608 1057 1691 qui
1090 1610 1201 1694 gentis

189 1693 349 1760 Aemiliae
372 1696 453 1761 bene
476 1694 565 1759 facta
583 1695 785 1759 extollebant
808 1699 841 1760 et
864 1695 1065 1780 ignoscundo
1084 1698 1201 1780 populi

189 1782 330 1847 Romani
353 1782 625 1866 magnitudinem
640 1783 780 1868 auxisse,
810 1805 972 1866 nusquam
1000 1785 1100 1849 etiam
1127 1789 1201 1849 tum

189 1869 348 1952 Lepidum
370 1889 580 1954 progressum
604 1870 747 1956 aiebant,
778 1893 851 1936 cum
877 1872 1006 1955 privata
1030 1894 1121 1936 arma
1145 1874 1202 1937 ob·

189 1958 380 2041 primundae
402 1958 567 2022 libertatis
592 1959 743 2043 cepisset,
776 1959 839 2023 sibi
872 1960 1007 2043 quisque
1036 1981 1114 2043 opes
1143 1965 1201 2026 aut

189 2046 371 2130 patrocinia
391 2047 576 2130 quaenmdo
595 2047 768 2111 consilium
785 2047 952 2130 publicum
971 2052 1200 2131 conrupenmt.

155 2139 225 2202 'lat
253 2139 325 2199 tum
353 2138 424 2199 erat
445 2134 587 2218 Lepidus
614 2135 699 2199 latro
728 2157 802 2199 cum
829 2135 996 2200 calonibus
1025 2139 1059 2200 et
1085 2137 1200 2220 paucis

190 2223 325 2308 sicariis,
348 2244 487 2306 quorum
508 2244 604 2287 nemo
628 2222 743 2287 diurna
765 2223 911 2287 mercede
933 2223 1036 2287 vitam
1055 2227 1201 2290 mutave

189 2312 247 2375 rit:
278 2333 364 2376 nunc
387 2315 438 2375 est
460 2333 520 2394 pro
544 2311 675 2374 consule
707 2332 780 2376 cum
812 2310 962 2395 imperio,
993 2333 1061 2376 non
1087 2317 1200 2395 empto

190 2399 246 2463 sed
269 2398 346 2462 dato
369 2420 389 2462 a
411 2398 519 2482 vobis,
542 2420 615 2463 eum
637 2399 756 2483 legatis
780 2399 885 2464 adhuc
906 2399 976 2465 iure
998 2400 1200 2486 parentibus,

190 2490 224 2550 et
247 2484 287 2549 ad
310 2507 384 2549 eum
407 2506 596 2551 concurrere
618 2486 767 2551 homines
789 2487 934 2553 omnium
953 2487 1103 2553 ordinum
1127 2510 1201 2554 oon·

190 2573 391 2659 ruptissumi,
413 2573 588 2659 flagrantes
611 2574 722 2657 inopia
745 2579 779 2640 at
803 2575 1016 2660 cupidinibus,
1040 2577 1200 2642 scelerum

190 2662 388 2728 conscientia
411 2662 577 2749 exagitati,
600 2662 717 2746 quibus
741 2664 833 2746 quies
855 2663 891 2728 in
913 2664 1142 2747 seditionibus,
1164 2664 1201 2729 in

189 2774 268 2835 pace
295 2751 411 2816 turbae
434 2754 519 2816 sunt.
565 2751 595 2816 ei
617 2751 795 2816 tumultum
823 2772 863 2816 ex
889 2753 1046 2835 tumultu,
1075 2752 1201 2816 bellum

190 2862 229 2904 ex
256 2840 343 2904 bello
371 2843 496 2924 senmt,
527 2837 695 2904 Saturnini
727 2840 819 2924 olim,
850 2844 927 2922 post
955 2837 1092 2924 Sulpici,
1124 2840 1201 2906 dein

155 2927 275 2995 ellari
297 2927 563 3011 Damasippique,
584 2949 670 2993 nunc
691 2927 807 3011 Lepidi
831 2927 999 2993 satellites.
1030 2932 1200 3012 praetcrea

189 3014 324 3080 Etruria
351 3020 448 3098 atque
477 3037 588 3080 omnes
612 3015 766 3099 reliquiae
789 3016 868 3080 belli
892 3016 1053 3100 adrectae,
1080 3015 1199 3100 Hispa-

188 3104 262 3168 niae
281 3103 380 3168 armis
404 3103 573 3188 sollicitae,
595 3103 803 3169 Mithridates
821 3104 857 3167 in
872 3104 973 3168 latere
987 3103 1199 3190 vectigalium

188 3196 386 3278 nostrorum,
410 3192 527 3276 quibus
551 3191 654 3256 adhuc
678 3195 908 3276 sustentamur,
931 3193 1016 3256 diem
1033 3192 1120 3256 bello
1139 3192 1200 3258 cir·

190 3281 376 3366 cumspicit3
399 3281 478 3364 quin
495 3284 625 3364 praeter
643 3280 796 3345 idoneum
813 3281 927 3345 ducem
944 3280 1027 3347 nihil
1045 3282 1141 3345 abest
1158 3282 1200 3347 cd

155 3370 448 3435 asubvortundum
480 3369 662 3453 imperium.
717 3369 804 3452 quod
831 3389 891 3454 ego
921 3390 979 3435 vos
1012 3390 1069 3434 oro
1099 3373 1198 3453 atqua

191 3459 335 3543 obsecro,
357 3461 466 3541 patres
491 3456 680 3541 conscripti,
707 3461 745 3521 ut
768 3457 1036 3522 animadvortatis
1058 3479 1123 3522 neu
1145 3479 1200 3541 pa-

191 3546 320 3610 tiamini
341 3545 508 3611 licentiam
531 3546 690 3613 scelerum
718 3545 810 3630 quasi
837 3545 962 3610 rabiem
988 3544 1030 3610 ad
1051 3544 1199 3631 integros
