2542 4192
212 263 278 328 130
544 261 572 318 G.
592 260 761 317 SALLUSTI
781 261 897 317 CRISPI

210 407 413 473 Mithridatis
433 406 573 490 aluntur,
596 405 786 471 Macedonia
803 406 900 489 plena
922 406 1068 471 hostium
1092 412 1144 472 est
1166 431 1224 474 nec

212 497 319 560 minus
338 495 454 559 Italiae
473 495 649 558 marituma
673 499 706 559 et
724 494 973 578 provinciarum,
997 516 1071 559 oum
1091 496 1224 562 interim

211 583 386 668 vectigalia
399 604 500 667 parva
518 587 551 646 11
564 582 660 647 bellis
679 582 803 647 incerta
816 581 870 645 vix
888 585 1018 665 partem
1033 589 1224 668 sumptuum

213 671 387 735 sustinent:
410 672 458 734 ita
477 671 589 754 classe,
609 691 690 753 quae
709 673 898 734 conmeatus
912 671 1075 757 tuebatur,
1098 673 1224 738 minore

176 774 310 843 squam
338 763 434 823 antea
460 759 661 843 navigamus.
709 758 790 822 haec
818 758 846 821 si
878 757 952 822 dolo
982 762 1040 824 aut
1074 763 1224 826 socordia

211 851 327 912 nostra
345 851 514 912 contracta
534 850 619 929 sunt,
638 846 735 931 agite,
757 848 797 909 ut
814 849 925 909 monet
943 847 1001 930 ira,
1026 849 1224 931 supplicium

213 935 345 1001 sumite:
369 936 421 999 sin
437 935 571 1000 fortuna
589 933 769 998 communis
789 933 934 1016 asperior
953 938 1012 1018 est,
1036 957 1101 1018 qua
1123 958 1159 1001 re
1177 937 1225 1001 in-

213 1024 311 1109 digna
333 1023 426 1088 vobis
448 1022 608 1105 nobisque
631 1025 665 1084 et
686 1043 721 1085 re
742 1021 874 1105 publica
895 1021 1064 1105 incipitis?

175 1127 193 1174 1
279 1110 389 1196 Atque
413 1133 483 1195 ego,
507 1110 598 1175 cuius
622 1109 724 1173 aetati
742 1130 830 1173 mors
848 1110 983 1193 propior
1001 1114 1061 1196 est,
1083 1133 1152 1176 non
1175 1114 1224 1178 de

187 1270 192 1280 ¹
211 1222 335 1284 precor,
355 1199 383 1263 si
398 1199 475 1282 quid
490 1219 527 1261 ea
541 1197 633 1269 vobis
647 1196 845 1262 incommodi
862 1198 1011 1282 demitur,
1029 1220 1134 1282 neque
1148 1223 1224 1266 mox

211 1288 343 1373 ingenio
372 1285 518 1370 corporis
549 1285 719 1350 honestius
752 1306 850 1368 quam
881 1303 940 1369 pro
973 1290 1084 1351 rostra
1116 1289 1224 1353 salute

159 1391 193 1439 10
212 1376 311 1439 finem
333 1375 420 1438 ritae
442 1373 584 1438 fecerim.
621 1373 735 1438 adsum
758 1394 799 1436 en
821 1370 855 1437 O.
870 1371 970 1438 Cotta
993 1376 1115 1460 consul,
1137 1376 1223 1442 facio

213 1463 300 1547 quod
323 1484 418 1547 saepe
442 1463 581 1526 maiores
605 1461 728 1545 asperis
752 1460 848 1525 bellis
870 1461 988 1527 fecere:
1011 1484 1113 1528 voveo
1130 1464 1225 1530 dedo-

214 1573 275 1635 que
305 1573 357 1615 me
379 1573 439 1635 pro
462 1573 498 1615 re
521 1549 660 1634 publica.
706 1570 805 1632 quam
831 1549 945 1613 deinde
973 1550 1026 1614 cui
1053 1553 1225 1638 mandetis,

160 1653 192 1702 11
214 1640 467 1723 circumspicite3
488 1657 566 1702 nam
588 1638 689 1701 talem
706 1637 865 1702 honorem
883 1637 988 1702 bonus
1005 1660 1102 1704 nemo
1127 1640 1224 1724 volet,

214 1749 287 1810 oum
309 1726 459 1792 fortunae
482 1729 516 1790 ct
539 1725 639 1789 maris
663 1729 697 1788 et
714 1725 794 1788 belli
813 1725 854 1788 ab
874 1725 947 1790 aliis
967 1727 1033 1790 acti
1051 1727 1137 1792 ratio
1156 1729 1224 1792 red·

159 1829 193 1878 12
213 1815 320 1879 dunda
343 1817 400 1878 aut
422 1813 564 1897 turpiter
586 1812 793 1876 moriundum
816 1812 869 1878 sit.
914 1817 1044 1878 tantum
1069 1817 1166 1880 modo
1188 1816 1226 1880 in

213 1901 329 1966 animis
352 1901 508 1965 habetote
530 1921 597 1964 non
615 1921 666 1964 me
690 1899 731 1964 ob
756 1900 861 1964 scelus
884 1906 942 1966 aut
965 1902 1136 1967 avaritiam
1157 1926 1226 1968 cae

214 2011 295 2073 sum,
312 1989 368 2053 sed
382 1989 546 2054 volentem
558 2009 618 2072 pro
634 1987 794 2052 maxumis
808 1988 967 2054 benificiis
983 1989 1124 2054 animam
1139 1993 1226 2057 dono

160 2093 193 2141 13
213 2078 348 2142 dedisse.
384 2099 442 2161 per
464 2076 710 2162 voa-Quirites,
733 2079 767 2140 et
790 2075 929 2161 gloriam
952 2078 1121 2162 maiorum,
1145 2080 1227 2144 tole-

162 2182 195 2230 11
213 2171 284 2231 rate
313 2166 451 2230 advorsa
481 2169 515 2229 et
542 2164 701 2229 consulite
728 2164 776 2227 rei
803 2165 960 2247 publicae.
1011 2166 1115 2230 multa
1148 2189 1226 2232 cura

214 2275 340 2319 summo
362 2253 500 2337 imperio
526 2252 626 2337 inest,
658 2251 755 2316 multi
784 2251 935 2336 ingentes
964 2253 1109 2338 labores,
1142 2277 1225 2339 quos

212 2342 411 2425 nequiquam
425 2339 568 2405 abnuitis
588 2344 621 2404 11
639 2340 728 2423 pacis
749 2339 950 2422 opulentiam
965 2341 1131 2427 quaeritis,
1151 2366 1226 2408 cum

130 2435 138 2445 '
212 2427 532 2580 pmesbpqovmcipp
556 2448 670 2512 regna,
697 2428 801 2491 maria
828 2432 997 2512 terraeque
1024 2452 1141 2513 aspera
1168 2435 1226 2495 aut

228 2538 300 2580 essa
345 2537 362 2579 e
389 2536 417 2579 rs
441 2535 516 2578 sm.

370 2816 550 2896 [1111111111
574 2831 854 2880 111111111111)
878 2818 1063 2898 surarum]

177 3060 203 3120 1μ
280 3041 328 3108 ‘Si
348 3045 503 3109 advorsus
518 3065 576 3108 vos
591 3044 795 3128 patriamque
814 3047 848 3109 11
866 3043 943 3109 deos
961 3045 1089 3128 penatis
1109 3049 1161 3110 tot
1180 3046 1224 3112 la-

211 3132 307 3195 bores
326 3135 359 3195 et
376 3131 521 3214 pericula
539 3133 763 3216 suscepissem,
787 3131 936 3216 quotiens
956 3155 976 3196 a
992 3134 1099 3217 prima
1118 3135 1225 3199 adule

117 3226 125 3240 “
212 3219 337 3286 scentia
346 3220 446 3284 ductu
456 3241 528 3284 meo
540 3219 773 3286 scelestissumi
785 3220 898 3284 hostes
907 3220 974 3285 fusi
988 3225 1022 3285 et
1030 3221 1124 3286 robis
1135 3222 1225 3288 salus

212 3308 360 3392 quaesita
374 3311 434 3391 est,
451 3307 534 3372 nihil
554 3308 693 3390 amplius
711 3309 746 3371 in
760 3309 929 3373 absentem
947 3331 998 3373 me
1014 3309 1225 3397 statuissetis,

212 3419 309 3481 quam
327 3396 432 3460 adhuc
447 3396 555 3481 agitis,
573 3399 683 3478 patres
698 3396 885 3482 conscripti,
899 3419 995 3480 quem
1010 3401 1124 3462 contra
1138 3403 1225 3464 aeta

211 3488 279 3549 11111
306 3484 487 3567 proiectum
515 3483 556 3547 ad
578 3483 701 3548 bellum
724 3484 959 3550 saevissumum
983 3507 1057 3551 cum
1079 3487 1225 3552 exercitu

211 3576 344 3655 optume
358 3572 486 3657 merito,
505 3575 664 3655 quantum
682 3576 733 3638 est
750 3573 786 3637 in
799 3573 903 3660 robis,
920 3573 1016 3659 fame,
1030 3573 1227 3640 miserruma
