2542 4192
296 229 441 285 BELLUM
460 231 654 288 carloman
673 250 696 288 o.
716 239 828 288 49-51.
1025 235 1067 299 29

129 375 256 440 ‘Omnis
282 379 445 460 homines,
471 381 581 460 patres
610 377 799 461 conscripti,
827 378 883 462 qui
910 379 949 443 de
972 380 1068 443 rebus
1079 378 1119 445 51

60 463 169 529 dubiis
194 468 389 548 consultant,
412 467 453 530 ab
478 466 551 530 odio
575 466 732 548 amicitia,
755 466 804 529 ira
827 470 924 549 utque
948 467 1069 530 miseri-

60 552 173 617 cordia
194 574 312 619 vacuos
336 575 407 618 esse
430 553 529 617 decet.
573 553 661 617 haud
687 553 782 618 facile
806 554 932 618 animus
956 576 1068 619 verum
1087 571 1102 618 2

60 640 224 724 providet,
250 643 308 706 ubi
330 642 388 706 illa
411 641 571 723 officiunt,
600 663 705 724 neque
729 641 901 726 quisquam
924 643 1069 707 omnium

60 728 199 793 lubidini
218 728 315 793 simul
334 734 367 793 et
385 729 458 793 usui
475 729 592 811 paruit.
628 729 685 794 ubi
702 730 880 794 intenderis
894 730 1068 816 ingenium,
1087 747 1103 794 3

60 817 162 881 valet:
186 816 215 879 si
236 818 348 881 lubido
371 817 529 900 possidet,
555 839 593 880 ea
615 817 813 900 dominatur,
836 818 962 882 animus
984 819 1068 882 nihil

60 905 157 968 valet.
203 925 322 990 magna
345 904 423 968 mihi
449 905 543 988 copia
565 909 616 969 est
634 905 843 988 memorandi,
865 909 975 988 patres
995 922 1104 971 con-4

60 992 190 1075 scripti,
222 993 278 1075 qui
307 1014 400 1077 reges
428 995 525 1076 atque
552 993 665 1077 populi
691 994 741 1057 ira
766 998 823 1057 aut
848 994 1070 1058 misericordia

61 1080 185 1164 inpulsi
208 1081 292 1144 male
317 1081 545 1145 consuluerint.
591 1081 647 1145 sed
670 1103 709 1144 ea
730 1081 816 1145 malo
840 1081 958 1164 dicere,
987 1103 1068 1164 quae

61 1168 200 1232 maiores
223 1169 329 1233 nostri
349 1172 462 1233 contra
479 1168 658 1232 lubidinem
676 1169 776 1232 animi
795 1170 846 1233 sui
864 1173 951 1234 reete
970 1173 1068 1251 atque

61 1256 173 1320 ordine
190 1255 303 1321 fecere.
339 1256 425 1320 bello
444 1254 662 1339 Macedonica
682 1258 767 1339 quod
785 1279 859 1321 cum
877 1279 954 1342 rege
970 1257 1068 1321 Perse
1087 1271 1102 1320 o

61 1344 237 1428 gessimus,
260 1344 463 1408 Rhodiorum
486 1343 601 1407 civitas
625 1365 744 1428 magna
767 1349 864 1429 atque
887 1346 1068 1430 magnifica,

61 1453 145 1514 quae
153 1432 266 1515 populi
273 1432 413 1496 Romani
423 1432 539 1514 opibus
550 1435 703 1515 creverat,
717 1432 816 1495 infida
826 1436 923 1515 atque
933 1434 1069 1497 advorsa

60 1519 157 1583 nobis
184 1520 256 1584 fuit.
301 1521 358 1584 sed
384 1523 559 1603 postquam
585 1519 672 1583 bello
699 1519 846 1583 confecto
870 1521 909 1583 de
931 1520 1067 1584 Rhodiis

60 1608 248 1672 consultum
271 1611 330 1691 est,
353 1608 491 1671 maiores
509 1607 624 1690 nostri,
646 1629 687 1671 ne
707 1607 779 1691 quis
799 1607 986 1671 divitiarum
1003 1629 1069 1670 ma-

61 1695 114 1780 gis
139 1717 235 1778 quam
258 1696 394 1760 iniuriae
418 1717 514 1759 causa
536 1695 658 1759 bellum
680 1696 846 1778 inceptum
869 1694 998 1778 diceret,
1023 1696 1069 1759 in-

61 1782 195 1867 punitos
223 1805 278 1848 eos
306 1784 465 1848 dimisere.
514 1784 594 1847 item
623 1784 718 1848 bellis
745 1782 877 1848 Punicis
910 1784 1104 1866 omnibus,o

60 1893 137 1936 cum
160 1893 254 1955 saepe
277 1870 562 1956 Carthaginienses
586 1875 619 1934 et
641 1872 676 1935 in
698 1894 776 1955 pace
800 1875 833 1935 et
851 1893 909 1955 per
926 1871 1068 1935 indutias

62 1959 168 2023 multa
194 1960 319 2023 nefaria
343 1959 489 2024 facinora
514 1959 681 2042 fecissent,
713 1981 891 2042 numquam
918 1959 982 2042 ipsi
1010 1981 1069 2042 per

62 2046 266 2111 occasionem
288 2047 369 2110 talia
390 2047 507 2111 fecere:
531 2047 636 2131 magis
660 2047 738 2129 quid
761 2069 795 2111 se
818 2046 952 2131 dignum
973 2045 1069 2128 foret,

62 2157 162 2219 quam
184 2135 261 2218 quid
282 2135 318 2199 in
339 2135 414 2199 illos
437 2135 507 2198 iure
529 2134 600 2198 fleri
618 2138 744 2217 posset,
767 2135 974 2217 quaerebant.
1006 2133 1103 2198 hoca

62 2224 143 2287 item
174 2223 267 2287 vobis
299 2223 532 2307 providendum
563 2226 627 2304 est,
663 2226 772 2304 patres
808 2221 996 2304 conscripti,
1028 2243 1069 2285 ne

62 2312 136 2394 plus
164 2312 249 2393 apud
271 2333 329 2375 vos
352 2311 460 2375 valeat
481 2309 517 2374 P.
540 2308 671 2374 Lentuli
699 2314 732 2375 et
755 2314 936 2374 ceterorum
964 2310 1068 2373 scelus

63 2421 161 2483 quam
183 2403 296 2463 vostra
318 2398 475 2484 dignitas,
501 2420 565 2463 neu
587 2398 692 2484 magis
720 2399 787 2462 irae
814 2401 944 2462 vostrae
973 2420 1070 2480 quam

62 2487 168 2550 famae
187 2487 373 2552 consulatis.
409 2508 487 2550 nam
501 2486 529 2548 si
543 2487 641 2571 digna
654 2509 758 2570 poena
771 2509 831 2569 pro
845 2485 942 2550 factis
957 2508 1069 2549 eorum
1088 2503 1103 2550 8

63 2575 235 2659 reperitur,
262 2597 382 2640 novom
411 2574 582 2638 consilium
610 2574 767 2657 adprobo:
800 2574 851 2637 sin
878 2573 1068 2657 magnitudo

64 2663 194 2727 sceleris
215 2662 359 2726 omnium
377 2662 509 2747 ingenia
527 2665 689 2745 exuperat,
707 2661 760 2724 his
776 2661 932 2724 utendum
946 2680 1069 2742 censeo,

64 2772 146 2833 quae
164 2750 291 2834 legibus
311 2753 486 2834 conparata
504 2753 588 2813 sunt.

129 2837 279 2921 Plerique
289 2860 410 2921 eorum,
424 2837 481 2921 qui
491 2842 565 2901 ante
576 2859 626 2900 me
637 2836 813 2901 sententias
823 2836 982 2918 dixerunt,
998 2857 1069 2900 con·
1088 2854 1103 2901 9

63 2926 169 3010 posite
184 2929 282 3008 atque
292 2926 462 3010 magnifice
473 2947 584 2989 casum
598 2926 645 2989 rei
659 2925 808 3009 publicae
822 2924 969 2988 miserati
984 2928 1068 2988 sunt.

65 3035 145 3096 quae
163 3012 241 3077 belli
260 3014 397 3089 saevitia
412 3018 506 3096 esset,
526 3035 607 3096 quae
623 3013 719 3079 victis
734 3013 924 3096 acciderent,
944 3034 1069 3076 enume-

64 3122 188 3164 ravere:
206 3100 278 3185 rapi
293 3101 435 3186 virgines
449 3123 576 3184 pueros,
594 3102 703 3166 divelli
721 3101 842 3165 liberos
861 3123 880 3163 a
897 3105 1069 3183 parentum

64 3189 230 3272 conplexu,
244 3193 364 3253 matres
378 3189 577 3253 familiarum
589 3189 660 3272 pati
675 3211 755 3272 quae
769 3189 947 3253 victoribus
962 3187 1069 3250 conlu-

64 3276 304 3360 buissent,fana
312 3281 410 3360 atque
420 3277 533 3341 domos
544 3277 687 3361 spoliari,
697 3274 980 3341 caedemincendia
989 3274 1069 3355 fieri,

63 3368 229 3447 postremo
249 3365 348 3428 armis
363 3364 585 3450 cadaveribus,
604 3387 717 3430 cruore
736 3368 832 3446 atque
851 3362 942 3425 luctu
961 3361 1070 3426 omnia

63 3452 216 3536 conpleri.
253 3453 322 3536 sed,
340 3475 398 3536 per
412 3454 489 3517 deos
503 3452 698 3534 inmortalis,
722 3473 785 3534 quo
806 3449 863 3513 illa
880 3450 984 3514 oratio
999 3472 1069 3533 per·
1090 3465 1122 3514 10

63 3539 185 3605 tinuit?
204 3564 246 3606 an
259 3540 309 3605 uti
323 3562 381 3605 vos
395 3541 532 3605 infestos
547 3538 764 3606 coniurationi
777 3537 921 3602 faceret?
936 3538 1070 3624 scilicet,
