2542 4192
266 276 417 331 BELLUM
434 276 693 332 IUGURTHINUM
712 295 734 333 c.
754 284 867 334 35-38.
1027 282 1070 346 69

60 420 210 505 comitia,
239 421 325 505 quod
352 425 481 507 tempus
508 422 595 486 haud
617 422 714 508 longe
737 422 863 507 aberat,
891 424 990 488 armis
1014 429 1070 489 aut

61 508 226 573 deditione
241 513 298 573 aut
313 510 538 592 quovismodo
553 509 675 574 bellum
691 511 870 576 conficeret.
908 515 943 576 at
957 517 1070 577 contra
1089 531 1105 578 2

60 596 225 681 Iugurtha
237 597 366 661 trahere
377 597 486 662 omnia
500 601 533 661 et
548 598 637 682 alias,
652 598 764 663 deinde
779 599 860 663 alias
875 621 984 664 morae
999 622 1070 665 cau-

61 706 116 748 sas
134 683 250 769 facere,
269 685 417 768 polliceri
435 685 632 750 deditionem
652 708 689 751 ac
710 686 823 751 deinde
838 691 962 751 metum
974 688 1070 752 simu·

59 774 139 856 lare,
158 773 269 837 cedere
291 773 429 837 instanti
452 777 486 838 et
508 774 606 858 paulo
629 777 714 858 post,
739 797 781 840 ne
804 775 855 839 sui
877 775 1070 859 diffiderent,

60 862 198 924 instare:
216 861 265 925 ita
282 860 361 924 belli
375 861 471 925 modo
486 861 581 926 modo
596 862 684 945 pacis
697 883 789 926 mora
809 862 975 927 consulem
989 863 1070 927 ludi-

59 949 168 1013 ficare.
214 969 252 1013 ac
274 948 363 1012 fuere
383 949 439 1031 qui
457 953 529 1013 tum
544 946 702 1013 Albinum
722 949 809 1014 haud
827 950 978 1034 ignarum
997 973 1070 1016 con·
1089 970 1105 1017 3

61 1036 117 1101 sili
134 1036 221 1120 regis
242 1035 475 1100 existumarent
490 1058 594 1120 neque
612 1059 651 1101 ex
667 1041 761 1100 tanta
773 1038 984 1122 properantia
1001 1043 1070 1102 tarn

60 1124 157 1188 facile
176 1127 319 1189 tractum
336 1124 459 1188 bellum
487 1125 634 1190 socordia
657 1125 761 1209 magis
786 1147 884 1209 quam
907 1125 982 1190 dolo
1006 1147 1070 1190 cre-

61 1213 184 1276 derent.
221 1212 277 1276 sed
290 1215 467 1296 postquam
480 1213 604 1296 dilapso
620 1216 766 1296 tempore
781 1212 989 1278 comitiorum
1001 1213 1069 1277 dies
1088 1232 1105 1279 4

61 1299 267 1383 adventabat,
289 1298 431 1364 Albinus
445 1300 532 1365 Aulo
550 1299 652 1365 fratre
665 1300 701 1363 in
715 1301 832 1366 castris
845 1323 906 1386 pro
920 1305 1069 1386 praetore

62 1386 179 1452 relicto
202 1386 343 1452 Romam
366 1389 515 1453 decessit.

128 1474 179 1539 Ea
197 1478 393 1558 tempestate
411 1474 535 1540 Romae
554 1475 768 1541 seditionibus
787 1476 971 1541 tribuniciis
986 1478 1121 1542 atro-37

62 1563 146 1629 citer
164 1585 217 1627 res
235 1563 367 1647 publica
386 1562 582 1648 agitabatur.
618 1563 654 1628 P.
672 1562 827 1628 Lucullus
846 1568 880 1628 11
893 1563 929 1627 L.
943 1563 1070 1628 Annius
1089 1582 1105 1628 1

62 1651 187 1716 tribuni
214 1651 319 1735 plebis
341 1651 569 1716 resistentibus
593 1651 735 1736 conlegis
760 1651 948 1716 continuare
968 1651 1071 1735 magi-

62 1827 258 1910 inpedicbat.
303 1849 342 1892 ea
368 1849 459 1891 mora
485 1828 521 1891 in
543 1849 634 1911 spem
656 1827 814 1892 adductus
838 1827 952 1912 Aulus,
976 1845 1106 1910 quem3

63 1915 364 2068 1111111
391 1915 1071 2087 111111111ζ11111111

63 2091 138 2155 niae
161 2090 337 2174 capiundae
360 2091 482 2155 milites
504 2113 613 2156 mense
637 2090 788 2154 Ianuario
812 2111 851 2153 ex
872 2089 1017 2153 hibernis
1038 2089 1073 2152 in

65 2178 303 2263 expeditionem
317 2183 431 2244 evocat
430 2178 644 2263 ,magnisque
657 2177 829 2242 itineribus
842 2176 948 2239 hieme
959 2197 1073 2260 aspera

64 2266 212 2351 pervenit
235 2266 275 2330 ad
299 2229 453 2351 oppidurir
476 2264 604 2349 Suthul,
626 2266 683 2330 nbi
701 2265 788 2350 regis
807 2264 952 2329 thesauri
972 2267 1072 2328 erant

66 2355 153 2438 quod
175 2375 371 2456 quamquam
393 2359 427 2418 et
447 2354 583 2418 saevitia
595 2317 756 2437 temporis
774 2357 808 2417 et
827 2355 1002 2437 opportum
946 2352 1107 2417 unitatae

65 2442 131 2507 loci
156 2464 261 2526 neque
289 2442 361 2526 capi
388 2464 492 2526 neque
520 2442 661 2507 obsideri
686 2463 729 2525 po
731 2445 816 2505 terat
840 2438 978 2526 (nam
952 2462 1073 2506 c1rcum

66 2552 196 2595 murum
223 2530 360 2594 situm
350 2553 386 2594 1n
410 2530 578 2614 praerupti
606 2530 727 2595 montis
753 2533 897 2594 extremo
920 2529 1072 2613 planities

65 2618 184 2682 limosa
209 2617 404 2682 hiemalibus
428 2618 519 2701 aquis
542 2617 693 2701 paludem
715 2613 859 2702 fecerat)
882 2621 993 2680 tamen
1016 2620 1073 2679 aut

67 2705 242 2771 simulandi
269 2705 390 2790 gratia,
419 2727 482 2789 quo
510 2705 581 2790 regi
607 2705 813 2769 formidinem
841 2703 984 2786 adderet,
1017 2707 1073 2766 aut

67 2793 216 2877 cupidine
244 2815 357 2858 caecus
385 2794 427 2858 ob
455 2794 627 2858 thesauros
655 2793 765 2877 oppidi
790 2795 849 2875 pot
835 2791 941 2855 tiundi
962 2790 1072 2855 vineas

67 2902 177 2966 agere,
205 2901 359 2967 aggerem
381 2882 485 2947 iacere
509 2881 649 2964 aliaque,
675 2902 756 2981 quae
779 2879 908 2964 incepto
931 2876 1074 2943 111111-

66 2973 154 3055 rent,
173 2990 361 3122 properare.
406 2973 441 3033 at
462 2968 580 3055 Iugurt
566 2969 624 3033 tha
651 2969 783 3053 cognita
748 2968 951 3032 tranitate
975 2970 1072 3050 aque
1083 2968 1126 3033 38

66 3057 221 3141 inperitia
248 3057 350 3144 legati
377 3058 512 3123 subdole
539 3057 607 3121 eius
631 3078 762 3158 augere·
767 3056 951 3138 amentiam,
970 3055 1074 3119 missi-

67 3150 138 3211 tare
166 3145 379 3230 supplicantis
406 3146 548 3230 legatos,
573 3145 644 3228 ipse
655 3145 765 3297 quasi
792 3106 987 3209 vitabundus
1016 3163 1075 3225 per

63 3233 132 3297 salt
118 3237 214 3296 tuosa
235 3234 309 3298 loca
331 3237 365 3298 11
387 3233 537 3297 tramites
560 3233 680 3298 exercit
680 3256 736 3296 um
759 3232 898 3297 ductare.
938 3229 1073 3312 demque
1092 3245 1109 3293 a

66 3319 190 3385 Aulum
212 3343 269 3404 spo
291 3321 453 3421 pactionis
479 3320 636 3406 perpulit,
663 3321 715 3385 uti
686 3319 855 3384 trelicto
880 3317 925 3382 Su
927 3315 1075 3381 tinhule

67 3407 158 3472 abdit
144 3412 195 3472 tas
231 3409 382 3493 regiones
414 3430 485 3474 sese
516 3409 618 3474 veluti
655 3409 821 3475 cedentem
850 3405 1075 3488 insequeretur
1204 3491 1208 3497 .

67 3493 130 3580 (ita
148 3496 267 3561 delicta
280 3496 459 3562 occultiora
471 3495 627 3583 fuere).'
618 3520 653 3561 1n
654 3500 742 3560 terea
755 3516 849 3578 per
825 3493 974 3558 homines
989 3491 1075 3557 calli·
1093 3507 1110 3555 a

66 3583 126 3647 dos
153 3583 209 3648 diu
235 3589 400 3668 noctuque
431 3585 609 3650 exercitum
641 3587 745 3668 tempt
731 3583 838 3668 t,abat
870 3580 1075 3647 centuriones
