2542 4192
294 235 441 293 BELLUM
458 237 718 294 IUGURTHINUM
736 255 759 294 e.
778 244 892 295 53-55.
1052 239 1094 304 81

85 378 347 465 opulentissuma
369 382 491 467 pergit,
519 403 614 468 agros
637 387 754 466 vastat,
778 383 882 448 multa
905 383 1039 449 castella
1061 387 1095 448 et

85 468 208 552 oppida
230 473 352 534 temere
375 470 501 535 munita
525 476 582 535 aut
605 471 673 536 sine
696 472 857 555 praesidio
881 472 969 555 capit
989 472 1095 537 ineen-

85 557 209 641 ditque,
226 558 365 641 puberes
379 558 520 624 interfici
533 559 633 641 iubet,
647 560 713 625 alia
727 560 835 624 omnia
849 560 992 624 militum
1004 581 1094 643 prae-

85 645 162 708 dam
182 666 261 710 esse.
296 667 334 710 ea
351 645 523 712 formidine
543 647 638 711 multi
653 648 807 713 mortales
822 646 979 712 Romanis
993 647 1094 711 dediti

86 732 227 816 obsides,
249 731 450 799 frumentum
473 739 507 800 et
529 735 601 819 alia,
624 757 707 818 quae
728 735 804 801 usui
825 735 947 820 forent,
970 735 1094 799 affatim

85 820 244 904 praebita,
262 822 457 906 ubicumque
475 845 527 887 res
544 823 742 907 postulabat,
759 823 957 907 praesidium
974 823 1094 907 inposi-

86 913 167 972 tum
214 931 297 992 quae
316 911 450 996 negotia
467 912 572 975 multo
590 911 696 996 magis
715 933 813 995 quam
831 911 991 995 proelium
1009 911 1093 975 male
1113 931 1129 979 7

85 1000 269 1081 pugnatum
288 1000 329 1063 ab
349 999 416 1064 suis
434 1019 545 1084 regem
563 1000 743 1064 terrebant:
763 999 891 1083 quippe,
910 998 1000 1064 cuius
1019 1020 1092 1082 spes
1112 1017 1128 1067 8

89 1084 195 1148 omnis
218 1085 254 1149 in
275 1085 355 1171 fuga
378 1087 442 1151 sita
464 1091 547 1172 erat,
571 1087 663 1170 sequi
685 1088 864 1172 cogebatur
886 1090 933 1170 et,
956 1086 1012 1169 qui
1035 1108 1094 1149 sua

86 1171 160 1237 loca
187 1172 355 1238 defendere
382 1175 585 1258 nequiverat,
616 1175 652 1239 in
679 1174 792 1239 alienis
824 1174 946 1239 bellum
973 1193 1094 1258 gerere.

86 1265 199 1325 tamen
230 1283 270 1326 ex
299 1262 392 1346 eopia
420 1264 505 1345 quod
533 1267 703 1347 optumum
729 1263 900 1327 videbatur
922 1261 1093 1327 consilium
1112 1267 1133 1324 θ’

87 1348 189 1431 oapit:
222 1351 400 1415 exereitum
426 1351 615 1434 plerumque
647 1351 682 1415 in
713 1350 815 1414 isdem
840 1349 920 1415 loeis
952 1349 1093 1433 opperiri

87 1434 188 1519 iubet,
210 1437 280 1520 ipse
304 1459 377 1502 eum
400 1437 533 1503 delectis
557 1437 720 1522 equitibus
743 1436 914 1502 Metellum
937 1437 1094 1521 sequitur,

85 1525 255 1588 nocturnis
283 1531 316 1590 et
343 1526 425 1590 aviis
453 1525 625 1590 itineribus
652 1526 823 1610 ignoratus
846 1525 1011 1589 Romanos
1039 1547 1093 1609 pa-

85 1611 186 1676 lantis
218 1618 351 1697 repente
383 1613 581 1699 aggreditur.
636 1634 748 1678 eorum
778 1613 924 1697 plerique
953 1613 1092 1677 inermes
1114 1627 1145 1675 10

87 1700 217 1784 eadunt,
240 1702 336 1766 multi
359 1703 545 1786 capiuntur,
566 1723 662 1766 nemo
686 1701 831 1766 omnium
857 1700 999 1764 intactus
1022 1721 1094 1783 pro·

84 1787 184 1872 fugit,
207 1792 240 1852 et
258 1789 418 1854 Numidae
441 1790 531 1874 prius
551 1812 648 1873 quam
667 1812 706 1854 ex
725 1789 840 1855 eastris
860 1788 1094 1872 subveniretur,

86 1875 186 1940 siouti
209 1876 290 1941 iussi
313 1882 414 1962 erant,
436 1879 471 1942 in
492 1899 668 1962 proxumos
693 1877 785 1943 oollis
809 1877 985 1941 discedunt.

154 1962 292 2029 Interim
324 1964 447 2030 Romae
479 1966 632 2050 gaudium
664 1966 779 2050 ingens
812 1969 921 2029 ortum
952 1963 1146 2049 cognitisbb

86 2050 214 2116 Metelli
241 2054 351 2138 rebus,
379 2058 416 2117 ut
445 2075 542 2137 seque
566 2058 599 2118 et
623 2054 798 2118 exereitum
822 2074 911 2116 more
935 2053 1094 2116 maiorum

85 2143 225 2224 gereret,
241 2143 303 2223 [ut]
315 2142 349 2206 in
363 2141 500 2205 advorso
514 2141 586 2205 loco
595 2141 700 2205 victor
714 2144 825 2204 tamen
834 2139 955 2202 virtute
969 2138 1094 2222 fuisset,

87 2227 234 2292 hostium
267 2250 346 2314 agro
378 2230 553 2313 potiretur,
588 2227 783 2313 Iugurtham
814 2226 1024 2311 magnifieum
1056 2249 1095 2289 ex

86 2314 202 2380 Albini
235 2317 383 2382 socordia
415 2339 506 2400 spem
533 2316 648 2380 salutis
675 2316 710 2379 in
738 2314 912 2380 solitudine
936 2318 993 2377 aut
1015 2313 1095 2399 fuga

86 2403 401 2557 llsssslttttbtss·
419 2404 778 2576 distintis&
802 2402 1128 2575 elvitllllssdll?

86 2582 184 2644 antea
207 2583 240 2643 et
263 2580 405 2646 sollicita
428 2581 466 2645 de
481 2581 559 2645 belli
583 2584 708 2663 eventu,
729 2543 817 2644 laela
839 2542 944 2664 agere:
968 2579 1006 2642 de
1029 2578 1094 2642 Me-

86 2666 168 2730 tello
192 2666 280 2732 fama
301 2669 468 2751 praeclara
491 2691 570 2733 esse.
615 2668 718 2753 igitur
741 2689 778 2732 eo
796 2667 954 2731 intentior
972 2666 1012 2730 ad
1031 2666 1129 2730 vio-3

85 2755 208 2818 teriam
233 2756 310 2838 niti,
340 2757 489 2821 omnibus
518 2756 622 2821 modis
645 2755 813 2836 festinare,
841 2775 953 2818 cavere
976 2757 1094 2837 tamen,

84 2843 203 2907 necubi
229 2843 319 2908 hosti
347 2849 548 2929 opportunus
577 2844 682 2927 fieret,
710 2842 895 2907 meminisse
922 2844 998 2925 post
1026 2841 1094 2925 glo-

87 2929 171 2992 riam
193 2930 349 2996 invidiam
372 2932 471 3016 sequi.
507 2933 563 3016 ita,
587 2953 651 3015 quo
675 2930 792 2995 olarior
815 2933 898 3013 erat,
926 2950 963 2993 eo
987 2929 1092 3013 magis
1111 2945 1129 2993 4

83 3017 201 3082 anxius
225 3024 307 3104 erat,
332 3042 437 3104 neque
459 3025 535 3104 post
558 3019 691 3084 insidias
714 3018 893 3104 Iugurthae
917 3017 1018 3082 effuso
1043 3039 1094 3081 er·

86 3105 189 3170 eroitu
215 3107 377 3194 praedari3
406 3108 463 3172 ubi
489 3107 653 3173 frumento
681 3111 738 3172 aut
764 3108 885 3192 pabulo
910 3128 990 3190 opus
1014 3109 1093 3187 erat,

84 3193 237 3258 cohortes
270 3217 344 3259 oum
377 3196 465 3260 omni
498 3196 646 3279 equitatu
677 3196 875 3280 praesidium
907 3193 1093 3278 agitabant3

85 3281 143 3344 sed
165 3281 235 3366 igni
263 3283 368 3369 magis
393 3306 491 3367 quam
513 3284 633 3366 praeda
656 3305 734 3368 ager
756 3283 956 3347 vastabatur.
1007 3296 1128 3345 exer-5

84 3367 170 3432 uitus
197 3374 325 3452 partem
352 3371 435 3455 ipse,
463 3372 606 3454 reliquos
633 3371 756 3435 Marius
785 3369 936 3434 ducebat:
964 3367 1128 3433 duobuse

83 3454 165 3520 loeis
197 3457 284 3523 haud
316 3459 414 3544 longe
445 3460 532 3523 inter
559 3481 592 3524 se
623 3463 730 3522 eastra
761 3456 938 3538 faciebant3
970 3453 1027 3518 ubi
1059 3455 1127 3520 vit

83 3565 167 3626 opus
191 3549 275 3630 erat,
303 3547 411 3613 cunuti
439 3548 587 3632 aderant3
615 3550 767 3628 ceterum,
795 3566 858 3627 quo
888 3542 967 3627 fuga
995 3545 1092 3626 atque

137 3656 152 3698 S
153 3667 295 3702 nnnnnnnnnn
913 3651 929 3700 6
