2542 4192
218 306 367 362 sunnon
384 290 644 364 roennrsmon
662 325 685 364 ο.
706 313 853 365 roa-roo.
998 312 1060 376 117

122 451 203 529 Quis
230 452 327 517 rebus
345 452 495 517 Bocchus
519 452 660 537 cognitis
685 474 743 537 per
766 453 893 518 litteras
920 453 1140 525 aMari0105

54 541 188 625 petivit,
224 540 274 605 uti
303 537 429 604 Sullam
456 541 496 604 ad
527 562 562 604 se
585 540 745 625 mitteret,
778 542 867 606 ouius
901 542 1062 608 arbitratu

55 630 94 693 de
118 627 343 693 communibus
365 627 761 713 negotiisconsuleretur.
797 630 826 694 is
845 631 965 696 missus
989 650 1096 697 cuma

54 716 217 800 praesidio
249 715 396 799 equitum
428 720 526 800 atque
557 716 717 801 peditum,
748 719 829 782 item
860 719 1063 784 funditorum

54 804 251 870 Balearium.
296 807 465 887 praeterea
494 803 561 868 iere
589 805 754 890 sagittarii
781 809 815 870 et
842 806 958 871 cohors
985 807 1063 872 Pae·

54 893 240 980 lignacum
253 892 444 957 velitaribus
468 893 577 976 armis,
599 893 726 957 itineris
744 895 938 977 properandi
957 917 1062 980 causa,

54 1002 159 1064 neque
172 980 225 1045 his
240 1001 332 1045 secus
346 984 444 1063 atque
459 980 532 1044 aliis
547 981 645 1044 armis
660 981 815 1046 advorsus
829 982 896 1046 tela
908 982 1063 1067 hostium,

55 1069 143 1153 quod
157 1067 294 1132 ealevia
311 1072 396 1150 sunt,
419 1068 545 1132 muniti.
583 1069 639 1133 sed
656 1068 692 1134 in
708 1070 825 1134 itinere
844 1069 957 1171 quinto
977 1071 1062 1135 deni-
1081 1089 1096 1136 3

55 1179 119 1241 que
138 1156 189 1222 die
204 1154 322 1239 Volux,
343 1119 431 1220 filius
449 1155 581 1240 Bocchi,
603 1157 789 1241 repentem
806 1158 929 1242 campis
952 1163 1063 1242 paten-

55 1179 146 1309 libus
169 1265 244 1309 cum
266 1206 356 1307 mille
378 1265 445 1308 non
467 1207 606 1327 amplids
630 1249 719 1328 equrt
695 1245 794 1310 'tibus
817 1267 887 1311 sese
911 1246 1063 1331 ostendit,

57 1333 114 1416 qui
137 1336 259 1396 temere
286 1335 320 1396 et
343 1331 441 1396 effuse
469 1336 583 1396 euntes
608 1330 716 1397 Sullae
746 1333 883 1420 aliisque
912 1335 1062 1400 omnibus

55 1425 92 1486 et
113 1442 284 1485 numerum
299 1419 502 1572 tampliorem
529 1441 605 1484 vero
632 1423 666 1484 et
692 1411 847 1486 hostilem
873 1427 997 1487 metum
1020 1421 1063 1486 ef-

54 1509 219 1574 ficiebant.
250 1508 353 1593 igitur
377 1529 410 1572 se
434 1508 571 1592 quisque
590 1509 749 1593 expedire,
772 1531 862 1573 arma
880 1513 978 1594 atque
997 1511 1063 1574 tela
1081 1527 1098 1575 4

55 1600 219 1697 temptare
232 1595 407 1679 intendere,
425 1596 526 1660 timor
544 1596 691 1679 aliquant
691 1617 740 1681 us,
758 1598 814 1661 sed
832 1619 905 1680 spes
925 1598 1063 1682 amplior

56 1685 178 1768 quippe
199 1683 379 1749 victoribus
403 1686 436 1748 et
459 1684 631 1748 advorsum
654 1706 722 1768 eos,
750 1706 830 1768 quos
859 1707 953 1787 saepe
982 1686 1063 1750 vice-

55 1775 141 1837 rant.
185 1771 318 1836 interim
340 1771 466 1855 equites
490 1772 637 1856 explorat
638 1795 694 1837 um
715 1773 887 1857 praemissi
909 1796 991 1858 rem,
1013 1773 1098 1839 utie

57 1864 138 1944 erat,
160 1860 305 1944 quietam
326 1882 395 1924 nun
395 1859 488 1924 tiant.
528 1859 638 1925 Volux
660 1861 832 1926 adveniens
856 1825 1061 1945 quaestorem
1077 1863 1140 1934 106

57 1948 202 2033 appellat
220 1948 362 2032 dicitque
381 1969 415 2012 se
434 1970 454 2012 a
471 1951 564 2032 patre
578 1948 709 2013 Boccho
732 1950 863 2014 obviam
880 1950 946 2014 illis
965 1950 1062 2015 simul

57 2041 93 2101 et
114 2036 277 2120 praesidio
299 2035 444 2100 missum.
477 2035 591 2100 deinde
615 2058 689 2100 eum
711 2040 744 2100 et
761 2058 956 2121 proxumum
978 2037 1064 2100 diem

55 2125 128 2190 sine
151 2128 240 2188 metu
263 2123 428 2188 coniuncti
450 2127 536 2187 eunt.
581 2128 667 2208 post,
689 2124 746 2188 ubi
769 2127 877 2189 castra
899 2124 1007 2188 locata
1029 2128 1097 2191 eta

56 2213 123 2278 diei
145 2233 259 2296 vesper
282 2214 361 2296 erat,
384 2215 516 2295 repente
531 2210 665 2276 Maurus
688 2212 812 2277 incerto
831 2211 922 2277 voltu
940 2233 1062 2295 pavens

56 2301 101 2366 ad
133 2299 257 2365 Sullam
289 2299 433 2364 adcurrit
464 2299 606 2382 dicitque
638 2299 702 2365 sibi
734 2322 773 2364 ex
805 2300 1062 2384 speculatoribus

57 2387 227 2474 cognitum
248 2386 442 2474 Iugurtham
467 2387 553 2451 haud
580 2388 694 2472 procul
717 2388 838 2452 abesse.
879 2388 990 2472 simul,
1013 2388 1063 2453 uti

55 2480 158 2542 noctu
181 2475 265 2541 clam
288 2495 398 2540 secum
424 2475 627 2560 profugeret,
654 2480 751 2561 rogat
778 2480 875 2560 atque
902 2477 1063 2541 hortatur.

56 2565 114 2629 ille
141 2563 248 2628 animo
276 2562 377 2628 feroci
407 2568 507 2649 negat
536 2586 570 2628 se
597 2564 719 2629 totiens
751 2564 860 2629 fusum
886 2563 1097 2630 Numidams

56 2652 302 2737 pertimescere:
333 2651 449 2716 ιιιιιιιι
472 2672 603 2716 suorum
627 2651 707 2716 satis
731 2653 872 2734 credere3
908 2653 1007 2715 etiam
1035 2651 1063 2716 si

56 2743 149 2806 certa
165 2739 269 2824 pestis
288 2740 425 2822 adesset,
448 2761 636 2804 mansurum
657 2739 777 2823 potius,
801 2760 907 2822 quam,
924 2738 1063 2822 proditis

58 2849 141 2912 quos
171 2827 322 2912 ducebat,
353 2827 443 2910 turpi
473 2826 553 2912 fuga
583 2827 725 2891 incertae
758 2848 796 2892 ac
822 2825 961 2891 forsitan
987 2830 1063 2911 post

56 2916 157 3000 paulo
183 2916 298 2980 morbo
325 2915 516 2979 interiturae
543 2914 628 2979 vitae
654 2918 810 2998 parceret.
856 2918 999 2979 ceterum
1021 2915 1098 2980 abe

57 3004 172 3069 eodem
203 3002 361 3086 monitus,
391 3002 441 3067 uti
467 3006 567 3067 noctu
593 3003 865 3087 proficisceretur,
892 3002 1064 3068 consilium

57 3091 233 3176 adprobat,
260 3113 298 3156 ac
325 3090 438 3155 statim
469 3090 591 3155 milites
618 3094 749 3156 cenatos
783 3112 853 3156 esse
885 3091 919 3154 in
947 3092 1063 3156 castris

57 3179 209 3264 ignisque
233 3200 331 3262 quam
354 3179 576 3243 creberrumos
605 3178 689 3263 fieri,
719 3178 794 3244 dein
823 3178 929 3262 prima
950 3178 1064 3262 vigilia

57 3267 189 3332 silentio
217 3267 327 3352 egredi
353 3266 451 3330 iubet.
496 3266 625 3351 iamque
647 3271 806 3332 nocturno
829 3265 945 3330 itinere
968 3264 1098 3330 fessiso

58 3355 210 3421 omnibus
236 3353 327 3419 Sulla
348 3353 472 3438 pariter
494 3376 568 3420 cum
591 3358 666 3420 ortu
689 3354 768 3418 solis
792 3357 901 3418 castra
922 3353 1085 3417 metaba.

57 3448 127 3526 tur,
156 3465 231 3508 oum
258 3442 383 3526 equites
406 3440 514 3506 Mauri
538 3442 692 3507 nuntiant
713 3439 907 3526 Iugurtham
935 3440 1064 3505 circiter

57 3532 158 3595 duum
181 3530 308 3595 milium
330 3530 502 3595 intervallo
527 3534 601 3595 ante
625 3528 816 3595 consedisse.
862 3528 948 3612 quod
976 3532 1064 3612 post
1083 3547 1099 3597 6

57 3641 158 3704 quam
185 3619 332 3685 auditum
355 3622 418 3704 est,
449 3622 521 3682 tum
547 3639 623 3684 vero
650 3618 766 3703 ingens
795 3620 901 3683 metus
932 3621 1063 3684 nostros
1166 3625 1168 3627 ’
