2542 4192
301 419 459 474 SELEGTA
476 419 654 473 VETERUM
671 417 901 474 TESTIMONIA.
1050 419 1115 473 XXI

104 572 140 628 at
162 570 214 628 ubi
241 568 297 628 cat
284 569 363 629 tonis
396 573 428 628 et
455 569 593 628 Sallustii
557 572 652 628 tet
679 569 761 627 Tulli
787 568 862 628 tuba
889 568 1031 627 exaudita
1059 572 1113 647 est,

102 659 259 733 trepidant
282 661 312 717 et
334 661 448 733 pavent
469 661 500 717 et
523 658 628 734 fugam
650 657 764 716 frustra
786 656 978 716 meditantur.

173 781 218 839 M.
242 778 409 840 Antonio.
433 783 500 854 imp.
523 783 556 839 lo
579 779 679 839 Froot
704 797 745 852 cp.
767 781 812 838 II
831 783 900 853 lp
924 783 983 840 104
1005 799 1061 853 sp:

103 844 194 927 mitte
212 869 287 926 mihi
306 868 421 944 aliquid
439 867 520 944 quod
537 867 595 926 tibi
613 867 843 927 disertissimum
860 868 1009 945 videatur,
1032 868 1113 943 quod

105 958 220 1033 legam,
243 957 403 1015 vultuum
425 958 479 1014 aut
502 954 624 1014 Catonis
647 959 701 1014 aut
724 954 873 1014 Ciceronis
896 958 952 1015 aut
975 956 1111 1015 Sallustii

104 1048 162 1103 aut
186 1043 314 1102 Gracchi
336 1045 391 1103 aut
411 1047 518 1119 poetae
543 1043 698 1102 alicuius.
718 1088 750 1103 ..

174 1166 277 1225 Froot
258 1172 341 1239 t.ep
365 1168 405 1226 od
431 1167 495 1226 Ver.
518 1169 587 1239 imp
609 1167 653 1224 ΙΙ
672 1168 690 1224 1
707 1185 740 1240 p.
764 1167 842 1226 123:
923 1160 925 1163 ’

106 1253 303 1313 Ventidius
330 1253 395 1331 ille,
424 1256 585 1331 postquam
613 1254 739 1313 Parthos
763 1254 844 1313 fudit
830 1254 1044 1332 tfugavitque
1067 1253 1112 1328 [a.

107 1344 234 1400 716=
257 1338 322 1418 33J,
346 1341 385 1400 ad
407 1342 564 1401 victoriam
586 1360 672 1400 suam
694 1342 924 1436 praedicandam
947 1342 1115 1402 orationem

106 1449 127 1488 a
150 1427 181 1487 0.
201 1429 346 1488 Sallustio
368 1432 526 1488 mutuatus
549 1432 602 1488 est.

176 1550 666 1625 td.ep.aaAo0matmp.11
685 1554 704 1610 6
721 1569 754 1624 p.
777 1554 837 1610 107
860 1552 1039 1612 Sallustium
1063 1573 1114 1612 an·

107 1639 229 1698 tithetis
256 1641 381 1699 honeste
410 1639 583 1715 compositis
610 1655 700 1697 nsum
727 1641 806 1697 docet
823 1683 830 1696 .
850 1684 874 1715 .,
904 1641 1114 1716 paronomasia

107 1727 204 1786 etiam
221 1747 280 1786 non
302 1728 433 1787 absurda
456 1745 510 1786 nec
533 1727 651 1803 frivola,
675 1726 727 1785 sed
749 1725 844 1802 proba
866 1731 898 1786 et
920 1729 1060 1805 eleganti.

178 1849 264 1911 Gall.
285 1852 338 1910 IV
358 1851 407 1917 15,
431 1853 465 1908 1.·

108 1938 261 2014 elegantia
283 1938 428 1998 0rationis
451 1937 590 1996 Sallustii
611 1937 831 2013 verborumque
854 1936 985 2015 fingendi
1009 1942 1039 1997 ct
1062 1959 1113 1998 no·

109 2026 202 2086 vandi
223 2027 358 2086 studium
380 2045 449 2085 oum
470 2026 569 2084 multa
590 2044 712 2101 prorsus
735 2025 849 2086 invidia
871 2027 939 2103 fuit,
963 2027 1113 2102 multique

109 2132 171 2171 nou
192 2115 334 2173 mediocri
360 2113 480 2191 ingenio
508 2113 566 2173 viri
593 2114 693 2172 conati
721 2117 791 2172 sunt
812 2114 1026 2188 reprehendere
1050 2116 1113 2189 ple·

108 2219 205 2275 raquo
219 2205 250 2260 et
263 2202 438 2261 obtrectare.
482 2202 514 2260 in
537 2200 647 2277 quibus
664 2202 753 2276 plura
775 2201 882 2259 inscite
907 2203 960 2259 aut
983 2203 1113 2277 maligne

110 2288 263 2348 vellicant.
307 2290 451 2349 nonnulle
481 2292 583 2348 tamen
613 2289 710 2349 videri
741 2291 868 2363 possunt
900 2306 959 2346 non
990 2287 1115 2364 indigna

109 2374 348 2449 reprehensione.

179 2498 222 2556 id.
245 2499 270 2556 I
288 2495 336 2565 15,
359 2500 398 2556 18
420 2498 607 2558 Valerium
629 2499 796 2576 Probum,
819 2499 1048 2576 grammaticum
1070 2500 1115 2557 in·

110 2587 239 2643 lustrem
260 2583 300 2660 [c.
324 2604 392 2645 ooo.
414 2589 475 2646 809
499 2612 540 2634 =
564 2585 620 2662 56]
643 2593 768 2649 secutus:
787 2633 821 2648 ..
850 2588 988 2648 novatori
1009 2587 1115 2648 verbo-

111 2690 182 2731 rum
206 2673 401 2733 Sallustio..
423 2719 429 2732 .

113 2796 280 2942 Salldcdtiid
295 2798 423 2960 ddodde,
445 2886 664 2961 proprietatum
686 2886 717 2942 in
736 2884 833 2944 verbis
855 2883 1115 2962 retinentissimus,

112 2971 323 3030 consuetudini
345 2974 518 3032 concessit.
538 3019 545 3032 .
565 3021 570 3032 .

179 3093 210 3150 F
212 3094 275 3152 loo.
306 3093 387 3167 ch.
410 3093 558 3154 Saturnia.
579 3101 606 3162 6,
631 3098 670 3153 35

112 3198 234 3240 ..cum
257 3183 287 3239 et
313 3181 417 3241 Livius
446 3185 477 3241 et
500 3183 662 3242 Sallustius
689 3186 810 3242 taceant
837 3201 884 3242 res
907 3184 988 3243 leves
1012 3185 1047 3243 de
1071 3185 1116 3257 iis,

111 3285 242 3345 quorum
263 3269 359 3329 vitam
382 3270 581 3346 arripuerunt.

179 3409 329 3468 151555.
352 3413 382 3486 a,
405 3412 440 3468 r.-

108 3541 145 3642 ,i.
167 3495 339 3595 Sallustios,
360 3498 472 3575 Livios,
496 3498 624 3576 Tacitus,
648 3501 761 3577 Trogos
785 3502 876 3574 atque
900 3516 1001 3556 omnes
1025 3498 1115 3556 diser·

137 3601 244 3643 ssrmos
264 3631 270 3643 .
291 3628 297 3642 .
319 3630 325 3643 .

178 3724 277 3783 Lact
300 3727 364 3784 inst.
392 3726 448 3784 dio.
470 3726 514 3784 ΙΙ
534 3728 575 3785 12
591 3745 624 3799 p.
648 3729 706 3786 101
729 3726 882 3786 1111115511
