2542 4192
300 220 445 276 BELLUM
464 220 659 276 carminat
678 239 701 277 ο.
720 229 833 278 rc-ro.
1037 222 1078 286 27

136 365 220 431 Post
241 388 316 430 eum
338 365 424 430 diem
447 365 578 448 quidam
600 364 637 429 L.
655 366 850 451 Tarquinius
873 368 915 431 ad
933 371 1081 431 senatum
1100 382 1116 431 3

67 455 228 519 adductus
257 457 340 536 erat,
369 475 465 538 quem
493 453 534 517 ad
560 452 737 518 Catilinam
759 455 1019 538 proficiscentem
1042 477 1082 519 ex

68 543 186 606 itinere
214 545 393 605 retractum
421 541 559 605 aiebant.
604 541 632 604 is
661 563 735 606 cum
762 563 796 606 se
819 542 942 607 diceret
963 542 1117 607 indica-4

69 635 181 695 turum
211 630 249 693 de
278 628 514 713 coniuratione,
546 628 574 692 si
606 629 685 692 fides
717 629 849 712 publica
881 632 958 695 data
985 635 1080 712 esset,

68 719 179 782 iussus
202 739 222 780 a
236 717 367 781 consule
391 739 472 800 quae
497 716 604 799 sciret,
625 717 758 801 edicere,
781 719 893 782 eadem
910 718 978 783 fere
999 740 1081 801 quae

69 804 261 870 Volturcius
287 805 326 868 de
339 805 463 887 paratis
486 804 652 888 incendiis,
675 805 714 869 de
728 805 825 870 caede
847 807 1017 889 bonorum,
1042 806 1081 869 de

68 894 187 958 itinere
214 892 359 956 hostium
388 896 537 956 senatum
559 892 669 957 docet:
695 898 864 976 praeterea
887 915 921 957 se
944 895 1081 958 missum

69 1005 92 1045 a
114 980 157 1044 M.
172 979 299 1065 Crasso,
323 980 379 1064 qui
397 979 557 1045 Catilinae
577 981 752 1064 nuntiaret,
770 1003 811 1044 ne
831 1003 905 1044 eum
922 980 1080 1046 Lentulus

69 1073 105 1134 et
129 1067 292 1153 Cethegus
318 1067 437 1151 aliique
461 1091 500 1132 ex
523 1068 746 1133 coniuratione
769 1068 961 1153 deprehensi
983 1073 1081 1133 terre-

70 1160 153 1241 rent,
177 1177 280 1238 eoque
303 1156 409 1240 magis
431 1160 622 1239 properaret
640 1157 680 1219 ad
698 1157 814 1220 urbem
832 1157 993 1240 adcedere,
1017 1177 1080 1239 quo

22 1304 26 1308 ,
69 1248 106 1309 et
123 1248 304 1309 ceterorum
323 1243 448 1307 animos
467 1244 614 1309 reficeret
633 1248 667 1307 et
684 1244 734 1307 illi
753 1243 881 1309 facilius
901 1267 918 1308 e
936 1245 1081 1329 periculo

69 1332 280 1414 eriperentur.
327 1331 382 1395 sed
411 1331 468 1395 ubi
491 1331 686 1415 Tarquinius
710 1331 864 1397 Crassum
890 1332 1115 1415 nominante
1171 1408 1173 1412 .

69 1419 237 1484 hominem
263 1419 408 1483 nobilem
440 1419 600 1482 maxumis
628 1418 751 1482 divitiis
775 1442 902 1484 summa
924 1421 1081 1503 potentia,

70 1507 129 1571 alii
146 1528 216 1570 rem
233 1506 458 1586 incredibilem
480 1506 554 1589 rati,
575 1528 652 1590 pars
676 1507 808 1570 tametsi
831 1529 944 1571 verum
962 1509 1082 1571 existu-

71 1596 215 1679 mabant,
231 1599 349 1658 rumen
369 1594 447 1679 quia
464 1593 499 1657 in
517 1593 577 1657 tali
596 1597 742 1678 tempore
760 1599 854 1659 tanta
872 1595 921 1658 vis
939 1594 1081 1658 hominis

70 1683 179 1768 magis
206 1682 360 1747 leniunda
386 1704 484 1765 quam
507 1681 703 1766 exagitanda
725 1682 908 1766 videbatur,
935 1682 1082 1766 plerique

71 1770 191 1836 Crasso
224 1792 263 1835 ex
292 1771 434 1855 negotiis
467 1770 603 1853 privatis
634 1771 767 1835 obnoxii
799 1771 1004 1836 conclamant
1035 1772 1083 1835 in-

71 1859 177 1924 dicem
199 1857 318 1922 falsum
342 1880 425 1942 esse,
453 1859 555 1942 deque
579 1881 617 1922 ea
639 1880 674 1922 rc
701 1859 871 1943 postulant
893 1859 944 1923 uti
966 1859 1083 1923 refera-

71 1951 136 2011 tur.
180 1946 292 2030 itaque
315 1947 502 2011 consulente
526 1944 681 2012 Cicerone
699 1947 854 2030 frequens
879 1951 1010 2011 senatus
1031 1948 1117 2011 dec

72 2033 178 2100 cernit
213 2034 369 2117 Tarquini
400 2034 556 2099 indicium
591 2034 712 2098 falsum
743 2033 845 2097 videri
883 2055 1020 2116 eumque
1047 2034 1083 2096 in

72 2122 210 2186 vinculis
234 2122 438 2186 retinendum
460 2143 564 2205 neque
585 2121 725 2204 amplius
744 2123 944 2204 potestatem
961 2119 1083 2184 faciun-

72 2210 158 2293 dam,
178 2209 244 2273 nisi
267 2210 306 2274 de
329 2231 367 2274 eo
390 2209 558 2292 indicaret,
581 2209 671 2272 cuius
698 2208 834 2272 consilio
862 2211 989 2271 tantam
1013 2229 1082 2271 rem

73 2302 161 2362 esset
187 2297 353 2362 mentitus.
400 2300 493 2361 erant
521 2317 558 2360 eo
587 2299 733 2378 tempore
762 2295 818 2379 qui
846 2295 1116 2360 existumarent?

73 2385 229 2450 indicium
246 2385 328 2448 illud
347 2406 366 2449 a
383 2384 420 2448 P.
438 2384 600 2449 Autronio
619 2385 850 2469 machinatum,
870 2404 934 2466 quo
953 2383 1082 2450 facilius

74 2473 238 2557 appellato
256 2471 375 2538 Crasso
392 2494 452 2557 per
470 2472 660 2538 societatem
677 2472 814 2557 periculi
832 2472 975 2555 reliquos
994 2473 1082 2537 illius

73 2561 222 2643 potentia
240 2563 375 2645 tegeret.
412 2560 468 2624 alii
482 2560 693 2644 Tarquinium
710 2582 729 2623 a
743 2559 898 2624 Cicerone
912 2560 1084 2623 inmissum
1102 2575 1118 2622 8

74 2648 214 2731 aiebant,
230 2670 272 2713 ne
291 2648 428 2714 Crassus
447 2670 536 2712 more
555 2670 614 2712 suo
633 2651 784 2730 suscepto
802 2647 962 2710 malorum
976 2650 1084 2729 patro-

74 2736 159 2801 cinio
183 2757 252 2800 rem
273 2735 440 2820 publicam
462 2735 680 2800 conturbaret.
720 2735 828 2817 ipsum
848 2732 1003 2798 Crassum
1022 2750 1117 2818 egos

73 2828 190 2907 postea
206 2824 448 2908 praedicantem
466 2823 575 2888 audivi
598 2827 730 2886 'tantam
745 2821 838 2884 illam
852 2821 1083 2886 contumeliam

74 2911 138 2975 sibi
162 2912 203 2975 ab
226 2912 381 2978 Cicerone
403 2910 589 2995 inpositam.

143 2997 206 3064 Sed
228 2999 332 3064 isdem
358 3000 561 3081 temporibus
586 2997 623 3074 Q.
647 2997 782 3063 Catulus
806 3003 840 3062 et
864 2996 899 3063 C.
921 2998 997 3062 Piso
1029 3021 1083 3063 ne·
1092 2997 1135 3062 49
1237 3077 1241 3084 Ι

74 3108 137 3170 que
170 3087 320 3170 precibus
352 3108 455 3171 neque
488 3086 596 3172 gratia
623 3107 727 3168 neque
758 3086 865 3169 pretio
895 3083 1084 3151 Ciceronem

73 3174 229 3258 inpellere
260 3179 408 3258 potuere,
439 3174 489 3239 uti
516 3196 575 3258 per
600 3172 797 3258 Allobroges
825 3177 882 3237 aut
910 3173 1011 3237 alium
1038 3174 1084 3236 in-

73 3261 179 3326 dicem
197 3262 231 3328 C.
251 3262 372 3328 Caesar
388 3262 473 3326 falso
491 3261 723 3326 nominaretur.
759 3282 837 3324 nam
854 3265 991 3342 uterque
1011 3281 1084 3322 cum
1103 3275 1119 3321 2

73 3348 132 3414 illo
156 3350 265 3435 gravis
287 3349 476 3414 inimicitias
495 3351 704 3414 exercebant:
727 3347 804 3411 Piso
824 3349 1030 3430 oppugnatus
1050 3346 1085 3410 in

72 3437 192 3503 iudicio
224 3438 435 3521 pecuniarum
466 3438 719 3521 repetundarum
750 3439 885 3517 propter
918 3433 1085 3498 cuiusdam

73 3524 297 3610 Transpadani
315 3525 511 3609 supplicium
528 3525 696 3607 iniustum,
715 3521 851 3588 Catulus
870 3543 909 3586 ex
927 3522 1085 3605 petitione
