2542 4192
301 219 448 275 BELLUM
466 220 662 275 CATILINAE
680 237 703 276 c.
723 227 837 278 38-42.
1031 223 1074 287 23

65 385 179 430 casum
215 364 376 448 requirere
410 365 530 448 coepit,
563 386 657 448 quern
692 365 814 428 exitum
846 365 947 429 tantis
978 366 1073 430 malis

65 455 245 537 sperarent.
276 456 451 535 postquam
474 452 548 516 illos
572 452 660 516 videt
680 453 771 535 queri
794 453 832 516 de
851 454 990 517 avaritia
1008 475 1073 517 ma·
1091 470 1108 517 3

65 542 274 626 gistratum,
297 560 448 604 accusare
472 543 630 622 senatum,
653 540 739 622 qnod
762 540 796 604 in
814 562 852 604 eo
871 542 971 605 auxili
988 541 1072 605 nihil

64 632 166 711 esset,
194 627 333 690 miseriis
358 627 425 690 suis
449 628 626 690 remedium
648 631 788 691 mortem
815 633 998 712 expectare,
1025 628 1072 692 ‘at

66 714 139 801 ego'
163 714 270 797 inquit
288 713 402 797 ‘vobis
425 714 454 778 si
476 716 572 778 modo
595 715 657 778 viri
680 737 750 779 esse
773 716 885 798 voltis,
912 717 1072 780 rationem

65 803 250 884 ostendam,
278 823 342 885 qua
369 806 461 866 tanta
487 803 553 865 ista
576 804 661 866 mala
684 803 868 888 effugiatis’.
912 804 992 868 11100
1014 805 1107 869 ubic

65 890 162 974 dixit,
185 888 381 973 Allobroges
404 889 440 952 in
461 911 646 954 maxumam
670 912 760 973 spem
784 891 914 954 adducti
937 891 1072 956 Umbre-

65 1000 145 1041 num
177 994 282 1061 orare,
313 981 350 1041 ut
380 977 430 1040 sui
460 977 682 1042 misereretur:
713 978 796 1041 nihil
825 983 894 1042 tam
921 1001 1072 1063 asperum

65 1086 169 1148 neque
188 1068 257 1154 tam
276 1063 407 1128 difficile
426 1086 505 1147 esse,
529 1067 616 1149 quod
633 1087 699 1129 non
718 1066 933 1149 cupidissume
952 1067 1072 1130 facturi

65 1156 188 1235 essent,
220 1153 297 1216 dum
328 1174 367 1216 ea
389 1173 441 1215 res
469 1152 635 1218 civitatem
667 1175 739 1217 aere
772 1153 876 1217 alieno
909 1154 1070 1218 liberaret.

65 1239 121 1304 ille
145 1262 200 1304 eos
222 1240 258 1303 in
279 1240 411 1304 domum
433 1238 473 1304 D.
495 1240 591 1305 Bruti
613 1242 773 1324 perducit,
797 1242 882 1324 quod
904 1241 976 1305 foro
999 1260 1106 1325 pro-5

66 1327 189 1411 pinque
208 1331 277 1390 erat
299 1349 403 1410 neque
426 1328 532 1392 aliena
551 1329 665 1392 consili
683 1332 817 1411 propter
833 1327 1071 1413 Semproniam,

65 1437 143 1479 nam
170 1419 241 1478 tum
263 1414 386 1479 Brutus
419 1416 459 1479 ab
488 1415 594 1479 Roma
620 1417 740 1479 aberat.
785 1421 952 1498 praeterea
975 1416 1106 1481 Gabi-6

65 1503 158 1566 nium
180 1502 327 1585 arcessit,
356 1523 420 1586 quo
444 1503 549 1567 maior
571 1502 749 1567 auotoritas
778 1504 919 1566 sermoni
941 1504 1071 1567 inesset.

64 1611 105 1654 eo
136 1595 305 1673 praesente
337 1589 594 1655 coniurationem
626 1590 746 1674 aperit,
777 1590 924 1653 nominat
957 1591 1071 1673 socios,

65 1682 235 1760 praeterea
249 1678 370 1742 multos
390 1677 544 1762 cuiusque
559 1679 686 1763 generis
700 1677 858 1760 innoxios,
875 1699 938 1761 quo
952 1677 1070 1762 legatis

65 1764 194 1828 animus
222 1765 360 1848 amplior
384 1770 476 1829 esset.
523 1765 635 1829 deinde
665 1788 720 1830 001
747 1765 910 1849 pollicitos
939 1788 1071 1849 operam

65 1874 159 1916 suam
182 1852 313 1916 domum
336 1852 483 1917 dimittit.
516 1854 571 1916 sed
593 1852 789 1938 Allobroges
812 1855 867 1917 diu
889 1854 924 1917 in
946 1855 1070 1918 incerto
1080 1856 1121 1920 41

65 1939 223 2022 habuere,
255 1941 408 2022 quidnam
435 1941 550 2005 consili
578 1945 737 2023 caperent.
787 1941 821 2004 in
848 1941 951 2005 altera
977 1947 1105 2025 parter

65 2031 137 2090 erat
160 2049 213 2091 aes
238 2027 387 2111 alienum,
410 2028 554 2092 studium
577 2028 664 2111 belli,
687 2048 807 2112 magna
825 2050 946 2091 merces
961 2028 996 2091 in
1014 2051 1070 2111 spe

66 2115 231 2198 victoriae,
254 2119 289 2178 at
311 2115 347 2178 in
368 2115 472 2179 altera
489 2115 628 2179 maiores
648 2137 735 2197 opes,
759 2118 831 2177 tuta
845 2114 988 2195 consilia,
1010 2136 1070 2197 pro

65 2202 190 2267 incerta
213 2224 268 2284 spe
292 2209 381 2266 certa
402 2204 554 2285 praemia.
587 2203 667 2267 haec
689 2202 755 2265 illis
773 2201 979 2265 volventibus
1002 2206 1070 2265 tan-
1089 2221 1105 2267 3

64 2290 140 2352 dem
157 2289 236 2354 vicit
254 2289 386 2353 fortuna
399 2291 446 2353 rei
459 2290 616 2372 publicae.
639 2289 750 2372 itaque
766 2288 802 2364 Q.
816 2287 919 2353 Fabio
935 2287 1071 2374 Sangae,
1090 2308 1106 2354 4

65 2377 157 2441 cuius
171 2377 352 2460 patrocinio
364 2378 477 2442 civitas
487 2379 674 2460 plurumum
683 2378 846 2461 utebatur,
859 2399 1071 2441 rem-omnem

65 2464 115 2527 uti
135 2469 363 2548 cognoverant,
381 2465 539 2547 aperiunt.
571 2464 683 2531 Cicero
701 2487 760 2548 per
775 2463 916 2550 Sangam
935 2466 1070 2530 consilio
1089 2482 1106 2530 5

65 2552 198 2636 cognito
231 2552 350 2636 legatis
380 2554 560 2636 praecepit,
592 2559 630 2618 ut
663 2554 806 2617 studium
838 2553 1070 2617 coniurationis

65 2639 272 2703 vehementer
287 2639 449 2724 simulent,
468 2646 593 2707 ceteros
612 2642 738 2723 adeant,
755 2640 836 2702 bene
854 2641 1071 2723 polliceantur

64 2727 206 2809 dentque
237 2748 381 2812 operam,
413 2729 462 2793 uti
490 2751 544 2793 001
572 2751 669 2812 quam
701 2748 850 2790 maxume
880 2726 1070 2790 manifestos

64 2814 216 2878 habeant.

132 2901 239 2966 Isdem
268 2901 335 2966 fere
363 2903 564 2985 temporibus
597 2902 632 2965 in
662 2900 769 2966 Gallia
796 2901 945 2966 citeriore
973 2905 1070 2984 atque
1080 2904 1123 2967 42

65 2990 232 3072 ulteriore,
254 2989 335 3053 item
357 2991 392 3054 in
415 3011 493 3075 agro
517 2988 635 3053 Piceno
659 2989 790 3054 Bruttio
813 2989 935 3073 Apulia
961 2995 1070 3054 motus

65 3081 145 3140 erat.
189 3099 328 3161 namque
355 3077 418 3161 illi,
446 3098 527 3160 quos
555 3081 629 3140 ante
653 3074 795 3141 Catilina
818 3078 997 3160 dimiserat,
1024 3078 1105 3140 ina

65 3165 213 3228 consulte
228 3187 265 3229 ac
278 3166 379 3228 veluti
393 3187 451 3249 per
465 3165 660 3228 dementiam
675 3169 791 3230 cuneta
808 3165 905 3229 simul
919 3166 1071 3248 agebant.

65 3252 233 3316 nocturnis
257 3253 416 3338 consiliis,
443 3274 609 3316 armorum
632 3257 729 3335 atque
751 3253 891 3317 telorum
913 3251 1071 3333 portatio-

64 3339 174 3422 nibus,
203 3340 385 3405 festinando
409 3340 563 3425 agitando
587 3341 696 3405 omnia
717 3339 791 3422 plus
814 3338 942 3402 timoris
973 3359 1070 3420 quam

64 3427 201 3509 periculi
220 3428 399 3493 effecerant.
431 3450 470 3491 ex
484 3449 521 3492 00
535 3450 669 3492 numero
689 3426 851 3508 conpluris
867 3424 903 3500 Q.
918 3423 1069 3490 Metellus
1088 3443 1105 3490 3

64 3513 158 3579 Celer
189 3520 322 3599 praetor
349 3538 388 3580 ex
416 3519 548 3579 senatus
576 3514 724 3578 consulto
753 3534 850 3577 causa
881 3513 1014 3598 cognita
1036 3514 1072 3578 in
