2542 4192
202 235 245 301 96
535 234 563 292 C.
583 233 753 289 SALLUSTI
771 233 886 289 CRISPI

202 380 411 464 sponsionem
443 379 581 462 faciunt,
614 378 664 443 uti
693 383 781 444 certo
811 379 863 444 die
890 379 993 464 legati
1020 381 1117 446 domo
1140 403 1215 465 pro

202 469 436 532 ficiscerentur:
469 489 533 550 quo
560 467 596 531 in
622 467 694 531 loco
722 467 808 531 inter
830 488 865 531 se
893 467 980 532 obvii
1007 468 1162 552 fuissent,
1185 469 1213 534 is

168 570 184 619 5
205 554 383 620 communis
400 555 569 638 utriusque
583 554 696 639 populi
709 554 783 619 finis
802 555 985 619 haberetur.
1019 555 1123 641 igitur
1138 555 1214 623 Car-

203 643 337 728 thagine
369 643 432 708 duo
464 643 583 717 fratres
614 641 719 726 missi,
752 642 870 725 quibus
899 664 1019 707 nomen
1045 643 1214 710 Philaenis

204 735 287 816 erat,
323 734 526 796 maturavere
557 731 621 795 iter
651 751 794 815 pergere.
849 729 1048 812 Cyrenenses
1085 733 1213 798 tardius

203 818 277 882 iere.
304 819 338 882 id
361 819 547 884 socordiane
571 840 613 882 an
636 839 713 882 casu
736 817 903 903 acciderit,
925 841 1041 902 parum
1064 822 1214 906 cognovi.

169 923 185 970 e
205 910 348 971 ceterum
367 907 451 972 solet
468 907 504 970 in
521 906 588 970 illis
606 905 687 970 locis
706 910 885 990 tempestas
904 906 990 970 haud
1005 928 1098 972 secus
1114 912 1213 992 atque

203 995 238 1057 in
260 994 343 1058 mari
365 995 514 1058 retinere.
545 1015 623 1058 nam
645 993 702 1057 ubi
724 1015 782 1077 per
804 994 877 1059 loca
899 995 1047 1077 aequalia
1069 999 1104 1060 et
1126 997 1214 1062 nuda

204 1082 408 1169 gignentium
431 1085 547 1148 ventus
578 1085 709 1146 coortus
740 1081 896 1147 harenam
922 1082 1022 1147 humo
1046 1084 1213 1167 excitavit,

204 1191 241 1234 ea
264 1191 382 1257 magna
405 1170 437 1234 vi
460 1170 586 1254 agitata
609 1190 666 1232 ora
689 1169 863 1254 oculosque
891 1169 1014 1253 inplere
1038 1171 1137 1256 solet,
1164 1173 1214 1236 ita

168 1272 183 1320 τ
203 1261 378 1342 prospectu
401 1257 544 1341 inpedito
568 1256 689 1322 morari
708 1256 781 1321 iter.
817 1262 991 1340 postquam
1011 1258 1213 1341 Cyrenenses

203 1346 370 1428 aliquanto
397 1344 594 1428 posteriores
618 1366 653 1409 se
676 1365 747 1409 esse
770 1344 881 1409 vident
908 1350 942 1409 et
969 1347 1012 1410 ob
1040 1368 1110 1411 rem
1138 1369 1214 1412 con-

202 1437 332 1516 ruptam
364 1432 452 1497 domi
486 1454 608 1516 poenas
643 1435 806 1517 metuunt,
845 1432 1010 1497 criminari
1041 1432 1215 1520 Carthagi-

202 1521 324 1585 niensis
348 1524 423 1585 ante
446 1524 574 1605 tempus
598 1521 695 1585 domo
719 1521 892 1605 digressos,
915 1522 1109 1586 conturbare
1133 1544 1215 1608 rem,

167 1622 183 1670 8
204 1609 339 1692 denique
359 1609 468 1674 omnia
486 1608 582 1672 malle
602 1630 699 1691 quam
717 1608 796 1672 victi
815 1608 912 1673 abire.
945 1609 1003 1674 sed
1021 1630 1095 1674 cum
1109 1608 1215 1676 Poeni

202 1697 300 1760 aliam
324 1696 558 1778 condicionem,
590 1700 719 1759 tantum
747 1696 842 1762 modo
871 1717 1021 1780 aequam,
1052 1701 1215 1783 peterent,

204 1783 319 1847 Graeci
343 1784 509 1866 optionem
529 1782 849 1868 Carthaginiensium
871 1782 1004 1868 faciunt,
1027 1789 1065 1848 ut
1083 1786 1135 1849 vel
1153 1786 1215 1871 illi,

203 1892 284 1953 quos
306 1870 382 1933 finis
405 1871 526 1954 populo
551 1892 609 1935 suo
632 1874 794 1954 peterent,
824 1871 871 1935 ibi
893 1871 960 1935 vivi
988 1873 1214 1958 obruerentur,

201 1958 253 2022 vel
285 1958 397 2022 eadem
428 1958 615 2023 condicione
649 1979 718 2022 sese
754 1980 850 2041 quem
885 1959 920 2023 in
951 1959 1058 2024 locum
1088 1961 1215 2027 vellent

166 2061 182 2108 9
201 2067 420 2130 processuros,
451 2045 601 2110 Philaeni
619 2046 807 2111 condicione
825 2048 965 2130 probata
983 2069 1081 2130 seque
1094 2049 1213 2114 vitam-

203 2157 264 2218 que
293 2157 385 2200 suam
414 2134 631 2218 reipublicae
660 2135 894 2199 condonavere:
923 2135 971 2199 ita
997 2135 1063 2199 vivi
1091 2136 1213 2202 obruti.

150 2236 182 2284 10
202 2222 488 2307 Carthaginienses
516 2222 551 2285 in
583 2243 620 2286 eo
652 2221 724 2286 loco
756 2221 922 2287 Philaenis
950 2223 1108 2288 fratribus
1137 2247 1212 2290 aras

155 2354 160 2395 3
202 2307 428 2398 consecravere
452 2308 571 2392 aliique
589 2308 655 2372 illis
671 2309 758 2374 domi
781 2309 920 2374 honores
938 2310 1092 2375 instituti.
1125 2334 1212 2378 nunc

154 2398 158 2409 '
202 2397 242 2460 ad
265 2418 333 2461 rem
356 2398 460 2461 redes.

148 2484 191 2548 80
288 2483 449 2568 Iugurtha
471 2488 645 2568 postquam
668 2485 789 2550 amissa
811 2486 916 2550 Thala
942 2486 1025 2551 nihil
1054 2487 1135 2552 satis
1158 2487 1212 2552 fir-

201 2594 290 2636 mum
313 2576 426 2636 contra
448 2571 618 2636 Metellum
640 2577 750 2657 putat,
776 2596 835 2657 per
857 2594 993 2658 magnas
1018 2575 1211 2640 solitudines

201 2682 275 2724 cum
306 2660 417 2743 paucis
453 2659 618 2743 profectus
655 2662 802 2745 pervenit
835 2663 876 2726 ad
905 2661 1075 2744 Gaetulos,
1106 2683 1211 2747 genus

200 2748 368 2813 hominum
390 2748 496 2812 ferum
518 2749 740 2832 incultumque
769 2753 802 2814 et
825 2771 863 2814 eo
886 2754 1032 2834 tempore
1054 2750 1209 2835 ignarum

166 2835 340 2900 anominis
364 2836 512 2901 Romani.
535 2858 647 2901 eorum
670 2837 912 2901 multitudinem
935 2837 971 2901 in
993 2859 1093 2901 unum
1117 2838 1210 2922 cogit

201 2945 238 2987 ac
260 2924 419 3007 paulatim
443 2923 642 2990 consuefacit
671 2925 798 2989 ordines
821 2925 955 3009 habere,
985 2925 1080 3010 signa
1106 2925 1210 3009 sequi,

166 3026 181 3073 3
200 3011 372 3093 imperium
396 3012 576 3096 observare,
598 3012 679 3076 item
702 3013 767 3076 alia
790 3014 946 3077 militana
968 3012 1082 3077 facere.
1118 3034 1210 3096 prae·

201 3102 290 3162 terea
321 3098 407 3185 regis
435 3097 557 3164 Bocchi
589 3121 765 3183 proxumos
798 3101 925 3187 magnis
955 3100 1144 3165 muneribus
1176 3104 1211 3164 et

200 3186 376 3251 maioribus
408 3187 578 3272 promissis
611 3188 652 3252 ad
684 3188 827 3253 studium
860 3189 910 3252 sui
941 3188 1102 3272 perducit,
1135 3187 1209 3271 quis

200 3273 402 3340 adiutoribus
426 3296 536 3360 regem
560 3296 732 3361 aggressus
747 3276 884 3360 inpellit,
907 3277 958 3340 uti
977 3277 1131 3341 advorsus
1146 3275 1211 3340 Ro·

163 3378 180 3425 4
200 3385 312 3428 manos
334 3363 456 3428 bellum
479 3363 623 3447 incipiat.
661 3364 695 3427 id
718 3385 755 3428 ea
778 3364 885 3449 gratia
907 3363 1037 3429 facilius
1060 3362 1210 3448 pronius-

201 3472 261 3532 que
288 3450 365 3535 fuit,
393 3452 479 3534 quod
501 3450 649 3516 Bocchus
681 3452 776 3516 initio
806 3452 940 3517 huiusce
973 3451 1051 3516 belli
1079 3452 1209 3537 legatos

164 3552 180 3601 o
200 3536 339 3603 Romam
362 3540 496 3604 miserat
518 3539 632 3605 foedus
660 3545 694 3604 et
717 3539 895 3605 amicitiam
922 3539 1077 3624 petitum,
1108 3561 1210 3623 quam
