2542 4192
296 277 445 333 BELLUM
462 277 722 333 IUGURTHINUM
740 295 763 334 c.
780 283 893 335 16-18.
1052 280 1097 344 55

88 424 255 490 occidente
277 422 399 486 fretum
416 421 523 487 nostri
541 422 640 487 maris
664 425 697 486 et
711 421 840 506 Oceani,
864 424 904 487 ab
924 426 999 487 ortu
1017 424 1096 488 solis

88 511 246 577 declivem
272 509 492 593 latitudinem,
524 531 620 593 quem
646 511 755 574 locum
782 509 1024 575 Catabathmon
1049 511 1096 574 in-

89 600 179 665 colae
203 598 376 682 appellant.
408 619 496 661 mare
520 618 650 661 saevom
668 597 908 682 inportuosum3
931 618 1009 683 ager
1030 598 1131 663 fra-c

88 709 169 774 gum
190 685 323 769 fertilis,
349 685 454 749 bonus
485 685 607 768 pecori,
638 685 747 749 arbori
773 685 977 770 infecundus3
1005 686 1094 750 eaelo

58 846 63 853 ,
90 781 240 857 terraque
267 772 402 857 penuria
430 794 595 854 aquarum.
644 792 746 857 genus
775 773 946 837 hominum
973 774 1129 840 salubria

89 883 238 946 corpore,
264 861 372 944 velox,
397 860 525 943 patiens
548 860 705 924 laborum.
750 861 923 944 plerosque
946 865 1094 926 senectus

88 949 252 1032 dissolvit,
283 948 348 1012 nisi
378 948 433 1030 qui
464 947 551 1012 ferro
583 951 641 1011 aut
671 948 786 1012 bestiis
818 948 987 1032 interiere3
1017 971 1094 1013 nam

91 1038 222 1102 morbus
244 1036 332 1100 haud
355 1057 450 1119 saepe
473 1056 669 1119 quemquam
692 1039 837 1120 superat,
865 1035 985 1100 adhoc
1003 1036 1093 1099 mali·

90 1125 144 1190 fici
166 1125 293 1210 generis
315 1123 466 1207 pluruma
484 1123 645 1188 animalia.
677 1124 733 1188 scd
751 1124 807 1207 qui
826 1124 980 1187 mortales
998 1123 1093 1187 initio
1114 1142 1128 1190 v

90 1213 236 1278 Africam
253 1211 435 1294 habuerint,
455 1211 573 1294 quique
591 1215 707 1294 postea
725 1211 931 1296 adcesserint,
954 1215 1011 1275 aut
1030 1232 1093 1293 quo

90 1301 185 1366 modo
208 1299 294 1363 inter
317 1321 351 1362 se
373 1299 526 1383 permixti
549 1299 631 1381 sint,
654 1320 850 1382 quamquam
874 1300 915 1363 ab
939 1321 977 1362 ea
999 1298 1094 1382 fama,

89 1410 172 1472 quae
194 1388 365 1471 plerosque
389 1386 529 1469 optinet,
557 1386 722 1450 divorsum
744 1390 808 1469 est,
837 1391 956 1471 tamen,
982 1387 1032 1450 uti
1056 1408 1095 1450 ex

90 1476 183 1540 libris
205 1474 346 1558 Punicis,
369 1475 426 1556 qui
447 1474 534 1557 regis
555 1472 753 1556 Hiempsalis
776 1473 975 1557 dicebantur,
997 1474 1095 1538 inter-

89 1567 254 1649 pretatum
275 1562 370 1626 nobis
394 1565 445 1624 est
472 1561 584 1644 utique
611 1582 680 1624 rem
708 1582 777 1624 sese
804 1560 923 1625 habere
951 1560 1093 1625 cultores

88 1653 159 1716 eius
182 1655 286 1714 terrae
304 1652 431 1733 putant,
455 1670 552 1731 quam
570 1648 784 1731 paucissumis
804 1649 918 1712 dicam.
951 1652 1094 1712 ceterum

89 1740 169 1804 fides
191 1738 259 1802 eius
282 1737 329 1800 rei
351 1758 449 1820 penes
473 1740 621 1800 auctores
644 1736 714 1800 erit.

155 1825 301 1891 Africam
327 1825 421 1888 initio
448 1824 589 1888 habuere
613 1822 743 1888 Gaetuli
771 1829 804 1888 et
826 1823 959 1908 Libyes,
988 1825 1093 1908 asperi
1105 1826 1149 1891 18

88 1914 280 1997 incultique,
311 1913 383 1995 quis
415 1911 505 1976 cibus
535 1915 605 1975 erat
635 1933 709 1976 caro
741 1911 845 1975 ferina
877 1917 973 1995 atque
1002 1913 1094 1977 humi

88 2003 243 2088 pabulum
265 2000 315 2065 uti
337 2000 517 2083 pecoribus.
549 2000 580 2062 ei
600 2021 704 2082 neque
727 2000 871 2063 moribus
894 2021 997 2083 neque
1020 2000 1093 2084 lege
1112 2016 1129 2063 a

88 2094 147 2154 aut
164 2089 300 2173 imperio
315 2088 504 2170 cuiusquam
523 2087 732 2170 regebantur:
754 2087 831 2170 vagi
849 2087 998 2169 palantes
1013 2109 1093 2169 quas

88 2200 153 2243 nox
180 2179 330 2262 coegerat
358 2176 448 2239 sedes
475 2174 649 2238 habebant.
694 2174 750 2237 sed
776 2177 951 2256 postquam
976 2174 1011 2237 in
1037 2173 1129 2237 Hi·3

89 2266 203 2350 spania
222 2263 388 2346 Hercules,
412 2262 509 2326 sicuti
532 2261 605 2326 Afri
627 2265 754 2345 putant,
776 2261 910 2345 interiit,
933 2261 1093 2326 exercitus

88 2355 172 2436 eius,
200 2351 387 2435 conpositus
415 2372 455 2414 ex
476 2349 575 2414 variis
603 2349 769 2435 gentibus,
801 2349 921 2414 amisso
949 2349 1028 2414 duce
1056 2371 1094 2414 ac

89 2441 211 2525 passim
234 2439 346 2503 multis
370 2438 434 2502 sibi
457 2437 592 2521 quisque
611 2437 782 2521 imperium
800 2438 987 2522 petentibus
1001 2438 1092 2503 brevi

88 2527 251 2592 dilabitur.
307 2548 347 2590 ex
378 2547 416 2590 eo
447 2547 582 2590 numero
614 2525 701 2590 Medi
731 2526 849 2589 Persae
882 2530 916 2590 et
946 2526 1130 2591 Armeniis

88 2616 224 2681 navibus
247 2615 282 2678 in
304 2613 450 2678 Africam
472 2614 650 2678 transvecti
672 2635 847 2697 proxumos
874 2618 987 2678 nostro
1011 2614 1093 2677 mari

88 2704 178 2768 locos
206 2723 415 2786 occupavere,
443 2702 499 2766 sed
525 2701 643 2766 Persae
671 2703 759 2764 intra
788 2701 951 2765 Oceanum
978 2701 1129 2785 magist

88 2791 182 2874 eique
215 2791 322 2854 alveos
353 2789 486 2853 navium
512 2789 660 2853 invorsos
687 2810 746 2871 pro
770 2787 910 2872 tuguriis
942 2787 1094 2871 habuere,

89 2880 166 2962 quia
183 2899 287 2961 neque
306 2877 443 2942 materia
461 2877 496 2941 in
514 2877 601 2962 agris
619 2897 723 2959 neque
738 2877 778 2940 ab
793 2875 949 2959 Hispanis
964 2876 1094 2940 emundi

89 2970 146 3030 aut
159 2965 307 3030 mutandi
321 2965 414 3049 copia
427 2968 510 3028 erat:
529 2985 617 3028 mare
635 2984 790 3048 magnum
804 2968 837 3028 et
854 2964 969 3049 ignara
981 2963 1095 3049 lingua
1113 2984 1130 3031 6

89 3053 282 3119 commercio
304 3053 530 3135 prohibebant.
554 3053 583 3116 ei
605 3052 763 3136 paulatim
781 3074 839 3136 per
858 3053 996 3116 conubia
1014 3051 1094 3117 (111-
1113 3070 1129 3119 '1

90 3143 176 3206 tulos
201 3162 311 3206 secum
329 3141 486 3205 miscuere
506 3144 548 3223 et,
572 3141 648 3223 quia
666 3161 761 3224 saepe
780 3144 978 3224 temptantes
998 3161 1093 3224 agros

89 3229 162 3313 alia,
185 3229 298 3293 deinde
322 3228 386 3292 alia
408 3228 480 3293 loca
502 3228 694 3312 petiverant,
717 3232 819 3291 semet
836 3228 906 3311 ipsi
928 3226 1093 3291 Nomadas

90 3318 300 3401 appellavere.
334 3320 477 3380 ceterum
496 3315 600 3379 adhuc
614 3316 759 3380 aedificia
773 3314 986 3378 Numidarum
1005 3333 1094 3398 agre·
1113 3330 1129 3378 8

89 3406 198 3489 stium,
221 3426 303 3488 quae
323 3404 464 3487 mapalia
481 3403 531 3466 illi
548 3408 675 3487 vocant,
698 3403 839 3487 oblonga
857 3401 998 3466 incurvis
1016 3402 1095 3465 late-

89 3493 188 3578 ribus,
211 3497 300 3558 tecta
323 3492 416 3576 quasi
438 3492 569 3556 navium
593 3492 719 3556 carinae
743 3494 827 3554 sunt.
859 3489 962 3552 Medis
987 3493 1129 3555 autema

88 3584 123 3644 ct
144 3579 309 3646 Armeniis
337 3580 502 3644 adcessere
529 3578 649 3661 Libyes
681 3576 770 3663 (nam
796 3578 826 3641 ei
848 3577 981 3662 propius
1005 3600 1094 3642 mare
