2542 4192
159 258 222 323 106
484 255 512 311 c.
533 255 704 311 sucossi
722 254 837 310 enrsrr
870 212 872 216 ¹

123 403 272 468 aeodem
295 404 476 465 venturum.
507 400 553 465 sic
571 400 702 484 incepto
726 421 785 465 suo
809 400 972 466 occultato
995 401 1108 488 pergit
1131 403 1172 467 ad

103 492 146 557 91
159 491 279 554 flumen
297 488 429 553 Tanain.
462 492 606 553 ceterum
627 489 663 553 in
684 488 802 553 itinere
825 489 944 555 cotidie
964 509 1064 573 pecus
1083 511 1173 554 exer·

159 578 239 643 citui
261 599 320 661 per
342 577 518 661 centurias,
540 577 621 641 item
644 581 768 641 turmas
796 576 976 660 aequaliter
998 577 1173 643 distribue·

158 669 211 730 rat
235 669 277 748 et,
301 686 340 728 ex
359 664 455 729 coriis
477 668 567 729 utres
590 664 641 729 uti
658 665 783 749 fierent,
806 665 956 750 curabat3
979 665 1078 730 simul
1102 666 1171 732 ino

157 754 247 838 piam
268 752 424 818 frumenti
447 753 548 818 lenire
571 757 605 816 et
626 752 749 838 ignaris
769 753 919 818 omnibus
947 775 1063 837 parare
1087 777 1171 838 quae

159 864 235 906 mox
256 841 331 906 usui
353 840 471 906 forent.
517 841 653 925 denique
676 845 768 906 sexto
791 841 856 924 die,
886 863 961 906 cum
984 841 1025 906 ad
1048 842 1172 908 flumen

122 933 293 994 eventum
317 933 381 1013 est,
410 951 563 993 maxuma
589 929 639 993 vis
666 929 790 993 utrium
813 930 936 994 effecta
981 929 1028 994 ibi
1052 932 1171 996 castris

158 1017 222 1081 leri
242 1017 444 1082 munimento
462 1017 580 1101 positis
595 1016 717 1081 milites
737 1017 846 1091 eibum
864 1038 979 1101 capere
996 1022 1105 1103 atque,
1120 1020 1171 1083 uti

160 1105 257 1171 simul
272 1128 345 1170 cum
360 1127 476 1170 occasu
491 1105 570 1170 solis
584 1105 822 1190 egrederentur,
835 1110 968 1190 paratos
983 1127 1054 1170 esse
1069 1107 1171 1192 iubet,

159 1193 310 1259 omnibus
330 1193 465 1258 sarcinis
485 1193 620 1258 abiectis
640 1214 724 1277 aqua
741 1193 838 1258 modo
857 1215 955 1278 seque
975 1198 1009 1259 et
1022 1194 1172 1260 iumenta

120 1301 302 1348 aonerare.
343 1281 419 1346 dein
440 1285 616 1365 postquam
638 1285 767 1365 tempus
790 1281 910 1366 visum,
938 1282 1056 1347 eastris
1079 1304 1172 1368 egre-

160 1370 261 1453 ditur,
284 1373 478 1453 noctemque
505 1373 611 1434 totam
636 1369 752 1434 itinere
780 1369 867 1434 facto
896 1369 1057 1456 consedit3
1081 1371 1172 1437 idem

156 1479 316 1542 proxuma
334 1456 428 1541 facit,
451 1457 526 1522 dein
547 1457 648 1522 tertia
669 1458 774 1522 multo
798 1460 874 1522 ante
891 1458 974 1524 lueis
993 1458 1171 1524 adventum

157 1546 306 1630 pervenit
328 1545 493 1610 inlocum
515 1545 716 1611 tumulosum
744 1547 785 1611 ab
809 1544 916 1630 Oapsa
937 1568 1005 1611 non
1026 1548 1170 1631 amplius
1217 1614 1222 1621 ,

158 1635 258 1699 duum
289 1634 417 1698 milium
446 1634 633 1718 intervallo,
668 1633 779 1718 ibique
812 1654 910 1717 quam
937 1634 1171 1701 occultissume

119 1725 269 1810 4potest
297 1744 371 1786 eum
397 1722 547 1786 omnibus
575 1722 677 1805 copiis
705 1722 882 1806 opperitur.
927 1723 983 1786 sed
1013 1722 1073 1788 ubi
1099 1723 1170 1790 dies

159 1810 266 1892 eoepit
294 1813 327 1872 et
349 1807 511 1872 Numidae
537 1808 620 1873 nihil
642 1808 763 1874 hostile
786 1813 968 1875 metuentes
992 1811 1090 1876 multi
1113 1834 1172 1896 op·

157 1897 234 1981 pido
258 1896 394 1982 egressi,
425 1900 558 1980 repente
588 1918 718 1962 omnem
745 1898 928 1981 equitatum
955 1901 990 1963 et
1016 1921 1092 1964 eum
1121 1901 1170 1964 eis

157 1984 390 2049 velocissumos
426 1984 552 2069 pedites
589 2007 685 2050 cursu
720 1987 852 2051 tendere
889 1986 929 2051 ad
961 1984 1103 2071 Capsam
1136 1992 1171 2052 et

157 2076 271 2157 portas
299 2073 447 2138 obsidere
474 2071 579 2157 iubet3
616 2073 729 2138 deinde
760 2075 830 2158 ipse
857 2075 1003 2140 intentus
1029 2097 1171 2159 propere

120 2201 139 2250 ,ὅ
160 2162 252 2246 sequi
274 2183 378 2246 neque
406 2161 529 2226 milites
556 2162 705 2245 praedari
728 2162 841 2227 sinere.
888 2184 969 2246 quae
991 2167 1172 2248 postquam

159 2250 314 2334 oppidani
333 2271 521 2335 cognovere,
539 2272 591 2314 res
605 2250 760 2335 trepidae,
779 2255 885 2316 metus
901 2251 1026 2336 ingens,
1043 2252 1172 2317 malum

158 2338 374 2421 inprovisum,
401 2337 441 2401 ad
463 2338 526 2402 hoc
548 2360 624 2421 pars
647 2339 767 2404 civium
790 2344 882 2403 extra
904 2339 1032 2404 moenia
1054 2340 1089 2404 in
1111 2341 1172 2406 ho·

121 2469 139 2516 6
160 2426 260 2489 stium
282 2428 448 2508 potestate
471 2447 615 2510 coegere,
637 2426 687 2490 uti
710 2426 908 2492 deditionem
929 2426 1082 2492 facerent.
1120 2450 1171 2493 oe·

158 2516 266 2576 terum
285 2512 440 2595 oppidum
458 2513 635 2597 incensum,
656 2512 818 2579 Numidae
836 2516 974 2598 puberes
992 2515 1171 2602 interfecti,

121 2599 215 2692 ,alii
238 2621 350 2666 omnes
372 2600 561 2684 venundati,
583 2601 703 2685 praeda
725 2602 885 2667 militibus
909 2603 1021 2668 divisa
1065 2603 1099 2669 id
1122 2603 1171 2669 fa-

158 2689 249 2754 cinus
274 2692 388 2754 contra
409 2689 460 2754 ius
484 2689 563 2754 belli
584 2712 652 2754 non
675 2691 813 2754 avaritia
830 2712 935 2775 neque
954 2691 1075 2756 scelere
1094 2713 1171 2756 oon-

159 2778 238 2842 sulis
262 2778 448 2861 admissum,
472 2778 529 2843 sed
551 2779 627 2862 quia
645 2779 737 2844 loeus
755 2778 934 2864 Iugurthae
953 2783 1170 2866 opportunus,

157 2866 252 2931 nobis
277 2867 367 2930 aditu
390 2865 541 2950 difficilis,
564 2889 666 2953 genus
689 2867 858 2952 hominum
881 2867 1003 2931 mobile
1021 2867 1171 2954 infidum,

159 2957 235 3018 ante
256 2975 361 3036 neque
384 2954 535 3019 benificio
558 2976 663 3039 neque
686 2959 776 3019 metu
799 2955 985 3020 coercitum.

102 3068 148 3133 92
228 3039 409 3123 Postquam
436 3045 564 3106 tantam
594 3065 663 3107 rem
694 3043 822 3129 peregit
853 3043 977 3108 Marius
1001 3043 1071 3109 sine
1099 3044 1169 3109 ullo

158 3150 291 3194 suorum
318 3128 537 3214 incommodo,
565 3151 702 3215 magnus
731 3135 764 3195 et
791 3131 898 3196 clarus
922 3136 1034 3217 antea,
1062 3132 1170 3198 maior

122 3262 138 3308 2
158 3222 256 3302 atque
280 3216 398 3282 clarior
420 3217 534 3282 haberi
557 3219 673 3303 eoepit.
706 3219 815 3284 omnia
831 3241 898 3284 non
916 3221 998 3284 bene
1016 3220 1171 3285 consulta

157 3307 192 3371 in
209 3306 366 3371 virtutem
384 3306 611 3392 trahebantur,
634 3306 765 3392 milites,
787 3308 935 3373 modesto
953 3308 1092 3394 imperio
1111 3308 1171 3373 ha·

156 3394 220 3459 biti
247 3395 345 3459 simul
373 3399 406 3459 et
433 3395 626 3479 locupletes,
658 3395 698 3459 ad
727 3395 853 3460 caelum
875 3395 974 3481 ferre,
1005 3395 1170 3463 Numidae

157 3483 262 3567 magis
286 3505 385 3566 quam
408 3483 581 3549 mortalem
604 3482 733 3568 timere,
755 3488 922 3567 postremo
941 3504 1063 3569 omnes,
1087 3486 1171 3550 socii

157 3572 255 3653 atque
277 3571 404 3656 hostes,
436 3571 565 3636 credere
595 3571 646 3635 illi
669 3574 727 3636 aut
754 3576 898 3637 mentem
925 3572 1069 3637 divinam
1096 3595 1172 3640 esse
