2542 4192
203 293 268 358 120
534 286 561 341 O.
582 284 750 340 SALLUSTI
768 284 883 340 CRISPI

166 437 377 502 tadvorsum
415 434 558 495 armatos
591 430 691 495 armis
723 433 851 495 tutatus
884 451 965 494 sum.
1016 429 1051 495 id
1083 430 1214 514 omitto,

203 523 331 609 quando
354 518 447 585 vobis
470 519 519 582 ita
540 519 658 602 placet.
702 517 807 670 ghqrite
831 518 917 601 quod
939 518 1039 583 voltis
1063 517 1213 583 11111-

167 623 184 673 8
203 609 324 698 gurtha
339 607 471 672 bellum.
504 627 565 691 ego
580 606 701 671 flumen
750 605 931 690 uluccham,
953 606 1041 690 quod
1058 606 1213 671 interme

202 704 236 764 11
252 697 425 780 Micipsam
441 694 515 778 fuit,
536 716 603 759 101
622 693 769 778 egrediar
786 715 891 777 neque
908 695 942 758 id
959 695 1084 760 intrare
1099 694 1213 780 Iugur-

202 787 295 852 tham
314 785 428 849 sinam.
458 787 628 867 praeterea
642 782 671 846 si
685 781 762 866 quid
775 802 890 864 meque
904 781 1061 866 vobisque
1075 783 1213 868 dignum

201 873 366 959 petiveris‚
387 872 475 936 haud
496 871 645 955 repulsus
668 867 795 934 abibis?

122 959 188 1026 111
269 961 323 1026 Ad
345 982 384 1025 ea
407 958 498 1025 Sulla
524 980 583 1043 pro
611 980 646 1023 se
672 957 817 1023 breviter
843 961 878 1022 11
899 958 1039 1042 modice,
1066 959 1107 1023 de
1133 981 1213 1044 paee

204 1053 238 1116 et
261 1047 486 1116 communibus
509 1047 605 1111 rebus
629 1046 742 1110 multis
766 1045 927 1111 disseruit.
972 1046 1112 1131 denique
1142 1047 1213 1132 regi

203 1137 367 1224 patefecit,
386 1135 471 1219 quod
484 1134 685 1219 polliceatur,
704 1137 853 1198 senatum
871 1137 905 1198 et
922 1133 1081 1218 populum
1094 1133 1214 1200 Roma·

203 1248 292 1310 num,
306 1225 459 1309 quoniam
472 1222 572 1287 armis
587 1221 727 1306 amplius
740 1221 929 1306 valuissent,
941 1243 1009 1287 non
1021 1222 1057 1286 in
1070 1224 1213 1308 gratiam

202 1314 384 1381 habituros.
415 1310 602 1376 faciundum
620 1331 690 1374 esse
709 1309 840 1394 aliquid,
858 1310 945 1394 quod
957 1310 1090 1377 illorum
1106 1313 1214 1398 magis

205 1423 303 1486 quam
318 1421 377 1464 sua
390 1398 557 1464 rettulisse
571 1399 742 1463 videretur.
764 1397 798 1461 id
812 1398 891 1463 adeo
910 1398 946 1462 in
958 1402 1114 1483 promptu
1134 1421 1214 1484 esse,

205 1490 360 1574 quoniam
383 1488 510 1573 copiam
532 1486 711 1572 Iugurthae
733 1485 877 1552 haberet.
924 1503 1020 1570 quem
1042 1487 1072 1551 si
1094 1486 1214 1552 Roma·

203 1578 256 1643 nis
274 1577 473 1656 tradidisset,
496 1574 566 1640 fore
584 1578 623 1639 ut
640 1575 689 1638 illi
709 1595 806 1657 quam
822 1574 1010 1657 plurumum
1027 1575 1216 1661 deberetu13

206 1665 385 1731 amicitiam
407 1664 520 1729 foedus
538 1662 712 1727 Numidiae
733 1664 874 1746 partem,
897 1683 996 1745 quam
1020 1685 1108 1728 nunc
1124 1668 1215 1749 pete

168 1757 269 1837 aret,
298 1756 369 1817 tum
391 1752 479 1815 ultro
503 1750 722 1814 adventuram.
767 1771 824 1814 rex
845 1749 950 1834 primo
972 1750 1135 1837 negitare:
1164 1774 1215 1818 oo-

205 1839 394 1926 gnationem
417 1837 633 1920 adfinitatem,
659 1840 828 1921 praeterea
849 1836 962 1902 foedus
985 1838 1216 1925 intervenisss;

205 1928 246 1993 ad
264 1928 327 1992 hoe
345 1929 498 2010 metuere,
514 1947 556 1990 11
575 1927 662 1990 fluxa
683 1924 746 1989 fide
764 1946 843 1990 usus
860 1925 1067 2010 popularium
1085 1927 1214 1994 animos

206 2018 384 2100 avorteret‚
419 2013 491 2098 quis
519 2017 552 2079 11
578 2012 738 2099 Iugurtha
766 2034 859 2079 carus
887 2017 922 2078 et
947 2013 1089 2080 Romani
1114 2014 1215 2082 invisi

171 2109 308 2171 311111.
350 2103 487 2187 denique
506 2102 634 2187 saepius
656 2101 817 2188 fatigatus
839 2101 962 2166 lenitur
984 2107 1017 2167 et
1040 2124 1080 2167 ex
1102 2105 1216 2170 volun·

170 2208 188 2257 4
206 2198 276 2258 tate
295 2191 404 2258 Sullae
424 2191 533 2256 omnia
556 2212 590 2255 se
612 2189 776 2255 facturum
797 2189 973 2274 promittit.
1009 2194 1156 2256 ceterum
1174 2193 1215 2258 ad

207 2280 423 2346 simulandam
444 2300 567 2363 paoem,
590 2279 680 2344 cuius
704 2277 847 2343 Numida
869 2276 1014 2343 defessus
1037 2279 1125 2345 bello
1149 2281 1216 2346 avi·

207 2369 369 2434 dissumus
393 2371 472 2448 1111,
496 2388 577 2450 quae
599 2366 695 2431 utilia
716 2366 788 2431 visa
810 2365 1023 2431 constituunt
1068 2367 1118 2432 ita
1141 2391 1216 2435 con·

206 2455 315 2540 posito
339 2454 414 2519 dolo
437 2453 671 2539 digrediuntur.

130 2546 194 2610 112
275 2541 322 2609 At
344 2563 401 2606 rex
422 2544 555 2626 postero
577 2541 628 2606 die
651 2540 825 2626 Asparem,
851 2540 1030 2627 Iugurthae
1058 2542 1217 2630 legatum,

208 2631 352 2716 appellat
374 2630 517 2714 dicitque
536 2628 599 2694 sibi
620 2651 679 2713 per
692 2629 856 2694 Dabarem
874 2652 913 2694 ex
930 2628 1021 2695 Sulla
1044 2632 1217 2716 cognitum

206 2741 302 2805 posse
327 2718 569 2786 condicionibus
592 2718 715 2782 bellum
736 2717 828 2802 poni:
852 2739 950 2802 quam
972 2718 1015 2783 ob
1033 2740 1104 2784 rem
1126 2721 1216 2806 regis

172 2808 257 2874 esui
286 2807 483 2873 sententiam
513 2805 704 2891 exquireret.
749 2805 805 2870 ille
833 2805 939 2871 laetus
965 2805 1002 2870 11
1029 2811 1139 2872 eastra
1165 2808 1217 2874 Iu·

207 2896 345 2982 gurthaa
371 2895 597 2979 proficiscitur.
642 2893 755 2959 deinde
782 2893 823 2958 ab
850 2893 908 2959 illo
936 2898 1053 2959 cuneta
1080 2897 1217 2962 edoctus

206 2982 510 3134 ptroperatotiitipelre
528 2985 609 3133 Posli
622 2982 708 3046 diem
727 2985 878 3047 octavum
896 2982 981 3083 redit
994 2982 1035 3047 ad
1047 2981 1217 3085 chohum

207 3091 224 3135 e
264 3092 383 3135 11111
411 3091 431 3134 a
486 3093 508 3135 u
609 3091 802 3134 amouere
826 3091 935 3134 omma
994 3091 1055 3135 uae

206 3163 329 3243 rentur,
346 3157 463 3242 facere,
482 3073 655 3223 seiluldario
673 3092 789 3241 pariam
808 3092 1217 3243 confideieilsaepldndiitrdd

208 3270 281 3313 cum
303 3246 556 3332 imperatoribus
574 3245 732 3311 Romanis
750 3267 863 3330 paoem
882 3250 1074 3311 conventam
1091 3246 1218 3315 frustra

171 3336 318 3401 afuisse.
364 3339 508 3401 ceterum
534 3334 683 3399 Bocchus
716 3333 745 3398 si
776 3334 935 3399 ambobus
963 3335 1152 3402 consultum
1184 3343 1218 3402 et

207 3429 313 3489 ratam
331 3445 445 3508 pacem
458 3423 566 3506 vellet,
590 3422 682 3487 daret
700 3442 841 3505 operam,
863 3426 901 3486 ut
922 3444 988 3488 una
1006 3423 1047 3488 ab
1063 3425 1216 3491 omnibus

208 3513 301 3595 quasi
316 3512 354 3577 de
367 3534 447 3596 pace
465 3511 501 3575 in
519 3509 727 3594 conloquium
745 3510 918 3593 veniretur,
936 3511 1047 3595 ibique
1067 3511 1131 3577 sibi
1147 3511 1217 3579 Sul·

207 3600 274 3666 lam
284 3600 436 3665 traderet.
455 3621 530 3665 oum
544 3599 644 3664 talem
656 3598 763 3664 virum
776 3598 812 3663 in
824 3601 1024 3683 potestatem
1036 3599 1217 3689 habuisset,
