2542 4192
284 272 430 330 BELLUM
448 274 706 331 IUGURTHINUM
724 293 747 332 ο.
767 281 880 332 44-47.
1051 276 1093 340 75

79 419 244 485 ditionem
271 417 376 483 facere
405 423 541 484 conatus
569 424 627 484 est.
672 421 775 506 igitur
800 421 928 505 legatos
956 420 996 485 ad
1022 440 1129 487 con-a

81 507 189 573 sulem
219 527 293 571 oum
322 508 490 591 suppliciis
518 507 637 590 mittit,
670 509 726 592 qui
753 512 882 572 tantum
909 509 1005 572 modo
1029 507 1093 591 ipsi

82 594 259 677 liberisque
281 593 384 658 vitam
407 599 566 679 peterent,
590 596 655 660 alia
676 597 784 661 omnia
802 596 954 660 dederent
972 595 1093 679 populo

81 682 240 747 Romano.
287 682 344 747 sed
366 680 500 747 Metello
523 683 590 747 iam
613 688 709 748 antea
732 684 960 768 experimentis
986 683 1094 768 cogni·
1113 704 1129 752 3

80 775 156 834 tum
183 773 254 834 erat
277 790 379 855 genus
402 769 617 835 Numidarum
640 772 788 856 infidum,
816 772 946 856 ingenio
970 770 1094 854 mobili,

83 879 241 923 novarum
268 879 377 922 rerum
404 858 533 923 avidum
563 881 642 924 esse.
691 860 802 943 itaque
834 860 960 944 legatos
994 859 1130 928 aliumr

80 947 126 1010 ab
154 945 219 1010 alio
247 945 394 1010 divorsos
423 946 611 1031 aggreditur
643 968 681 1012 ac
707 947 868 1031 paulatim
895 949 1094 1030 temptando,

82 1037 260 1118 postquam
283 1037 484 1116 opportunos
508 1034 572 1099 sibi
596 1035 759 1120 cognovit,
782 1034 887 1099 multa
911 1034 1093 1119 pollicendo

81 1121 266 1205 persuadet,
280 1121 330 1184 uti
344 1120 538 1206 Iugurtham
558 1144 706 1187 maxume
724 1123 842 1206 ιιιοιιι,
862 1122 913 1186 sin
930 1122 963 1185 id
979 1143 1095 1205 parum

83 1208 248 1292 procedat,
266 1213 417 1273 necatum
436 1210 499 1274 sibi
517 1211 691 1275 traderent.
729 1215 871 1275 ceterum
889 1210 998 1294 palam
1013 1231 1094 1292 quae

80 1318 123 1360 ex
145 1296 313 1361 voluntate
337 1296 453 1380 forent,
476 1298 547 1382 regi
569 1298 720 1362 nuntiare
743 1299 842 1363 iubet.
888 1298 1001 1362 deinde
1023 1297 1129 1381 ipses

82 1383 197 1467 paucis
220 1383 405 1448 diebusmt
358 1384 365 1397 '
391 1388 482 1450 tento
506 1389 540 1449 at
531 1406 604 1536 tque
626 1385 746 1450 infesto
768 1387 888 1452 exercit
874 1390 911 1451 ιιι
928 1386 963 1450 in
981 1384 1094 1450 Numi-

80 1471 172 1536 diam
197 1472 357 1556 procedit,
384 1473 441 1536 ubi
469 1476 545 1536 οοιιι
546 1494 583 1536 ra
604 1472 683 1538 belli
705 1472 858 1538 faciemt
844 1474 975 1557 tuguria
997 1473 1095 1557 plena

81 1558 265 1644 hominum,
292 1581 411 1643 pecora
433 1561 501 1625 cult
487 1564 638 1644 toresque
660 1560 696 1624 in
713 1561 807 1662 ‘agris
831 1564 932 1625 erant.
978 1583 1017 1624 ex
1040 1582 1095 1642 op·

81 1646 168 1731 pidis
200 1651 233 1711 et
260 1648 442 1732 mapalibus
469 1648 625 1732 praefecti
652 1649 739 1733 regis
766 1648 854 1713 obvii
876 1648 1095 1732 procedebant

82 1735 191 1818 parati
213 1734 356 1800 frument
342 1739 413 1800 tum
431 1736 524 1820 dare,
539 1740 745 1801 conmeatum
762 1740 904 1822 portare,
926 1739 1092 1820 postremo

84 1822 203 1905 omnia,
226 1844 307 1906 quae
323 1824 521 1907 imperarent
522 1847 570 1908 ur,
507 1823 702 1890 tfacere.
746 1847 850 1908 neque
873 1822 943 1889 Met
945 1822 1026 1888 ellus
1049 1824 1130 1894 ide
1198 1844 1202 1851 ’

82 1910 171 1976 οιιοο
195 1910 311 1994 minus,
334 1911 390 1975 sed
411 1912 535 1995 pariter
553 1936 591 1977 ac
609 1913 637 1978 si
655 1914 768 1978 hostes
787 1913 945 1995 adessent,
968 1912 1094 1976 munito

82 1998 213 2084 agmine
236 1997 392 2082 incedere,
414 1999 481 2063 late
504 2001 671 2083 explorare
695 2000 818 2084 omnia,
840 2000 899 2065 illa
922 1999 1094 2064 deditionis

82 2087 180 2171 signa
202 2086 347 2150 ostentui
366 2087 494 2152 credere
513 2092 546 2151 et
564 2088 690 2160 insidiis
708 2088 817 2152 locum
835 2087 999 2170 temptari.
1036 2087 1095 2149 ita·
1114 2109 1130 2156 ι

82 2195 147 2256 quc
174 2173 244 2256 ipse
273 2196 346 2238 cum
374 2173 532 2259 expeditis
561 2175 764 2258 cohortibus,
791 2175 872 2239 item
894 2173 1096 2237 funditorum

81 2264 120 2325 et
148 2261 396 2346 sagittariorum
424 2262 548 2326 delecta
575 2284 672 2327 manu
697 2262 782 2346 apud
804 2262 927 2345 primos
951 2264 1034 2344 erat,
1060 2260 1096 2323 in

87 2352 254 2433 postremo
274 2347 309 2414 G.
327 2347 451 2413 Marius
474 2349 602 2434 legatus
624 2372 697 2415 cum
717 2350 881 2434 equitibus
900 2349 1044 2433 curabat,
1062 2348 1098 2412 in

84 2439 261 2520 utrumque
288 2437 375 2501 latus
404 2437 590 2502 auxiliarios
619 2439 744 2522 equites
767 2439 907 2504 tribunis
930 2438 1097 2523 legionum

82 2527 118 2588 et
139 2524 312 2608 praefectis
336 2525 520 2591 cohortium
543 2526 781 2611 dispertiverat,
803 2531 842 2590 ut
864 2549 938 2591 cum
960 2527 1006 2590 eis
1025 2547 1096 2609 per·

120 2612 127 2624 '
83 2613 179 2676 mixti
192 2613 272 2677 velit
258 2617 317 2696 tes,
337 2633 540 2715 quocumque
555 2615 746 2679 adcederent
745 2615 859 2698 equit
861 2618 935 2677 atus
949 2613 1026 2677 host
1027 2615 1096 2676 ium

83 2701 322 2783 propulsarent
366 2723 442 2765 nam
462 2702 498 2765 in
515 2701 675 2786 Iugurtha
694 2705 766 2766 tant
767 2723 806 2765 us
752 2701 917 2765 tdolus
937 2703 1094 2782 tantaque
1113 2723 1130 2772 8

82 2788 202 2872 peritia
228 2789 374 2853 locorum
402 2793 435 2853 et
457 2789 595 2853 militiae
618 2794 701 2872 erat,
674 2792 775 2871 t,ut
801 2789 917 2851 absens
942 2808 983 2850 an
1004 2808 1096 2886 prae-

83 2897 172 2960 sens,
198 2897 312 2959 pacem
339 2898 381 2940 an
409 2877 531 2942 bellum
559 2896 674 2960 gerens
697 2875 910 2959 perniciosior
934 2875 1096 2966 esset,1n

84 2962 209 3028 incerto
232 2963 415 3028 haberetur.

150 3050 233 3115 Erat
255 3051 343 3116 haud
365 3052 462 3137 longe
486 3053 526 3117 ab
551 3074 588 3116 eo
611 3052 737 3136 itinere,
762 3073 825 3135 quo
848 3050 918 3116 Met
920 3051 1001 3115 ellus
1025 3073 1095 3135 per·
1104 3058 1147 3122 47

83 3139 192 3222 gebat,
216 3139 372 3222 oppidum
393 3138 610 3204 Numidarum
631 3140 761 3206 nomine
785 3139 894 3224 Vaga,
917 3139 1025 3203 forum
1048 3159 1095 3201 re·

83 3247 158 3290 rum
184 3226 426 3292 venaliumt
374 3228 436 3292 ιοι
427 3250 477 3292 ius
505 3227 598 3313 regni
626 3249 775 3293 maxume
799 3227 942 3293 celebrat
928 3231 1011 3307 t,um
1039 3224 1097 3287 ubi

83 3316 119 3378 et
151 3313 291 3379 incolere
324 3318 358 3379 et
387 3316 524 3380 mercari
557 3318 855 3381 consueverantt
823 3313 932 3377 Italici
968 3332 1096 3396 genens

84 3401 182 3466 multi
155 3405 297 3466 ttmor
283 3402 375 3467 tales.
419 3402 483 3468 huc
510 3405 636 3487 consul,
665 3403 761 3467 simul
784 3404 889 3483 tempi
875 3399 966 3464 tandi
989 3401 1063 3482 grat
1064 3398 1131 3470 ia2

82 3492 117 3553 et
150 3489 178 3553 si
206 3493 396 3574 paterentur
424 3496 598 3575 opportum
543 3492 684 3555 unitates
712 3490 790 3572 loci,
821 3486 1060 3572 praesidium
1050 3509 1098 3549 ιιι

82 3577 204 3661 posuit.
250 3581 418 3662 praeterea
439 3579 612 3664 imperavit
634 3578 777 3642 frument
778 3580 890 3641 umet
914 3574 991 3659 alia,
1016 3595 1098 3658 quae
1204 3621 1236 3649 s
