<?xml version="1.0" encoding="UTF-8"?>
<!DOCTYPE html PUBLIC "-//W3C//DTD XHTML 1.0 Transitional//EN"
    "http://www.w3.org/TR/xhtml1/DTD/xhtml1-transitional.dtd">
<html xmlns="http://www.w3.org/1999/xhtml" xml:lang="en" lang="en">
 <head>
  <title>
</title>
<meta http-equiv="Content-Type" content="text/html;charset=utf-8" />
  <meta name='ocr-system' content='tesseract 3.04.00' />
  <meta name='ocr-capabilities' content='ocr_page ocr_carea ocr_par ocr_line ocrx_word'/>
</head>
<body>
  <div class='ocr_page' id='page_1' title='image "./catilinajugurth00sallgoog_0065.png"; bbox 0 0 2542 4192; ppageno 0'>
   <div class='ocr_carea' id='block_1_1' title="bbox 201 243 891 317">
    <p class='ocr_par' dir='ltr' id='par_1_1' title="bbox 201 243 891 317">
     <span class='ocr_line' id='line_1_1' title="bbox 201 243 891 317; baseline -0.014 -10"><span class='ocrx_word' id='word_1_1' title='bbox 201 250 245 317; x_wconf 86' lang='grc'>36</span> <span class='ocrx_word' id='word_1_2' title='bbox 539 247 566 302; x_wconf 77' lang='grc' dir='ltr'>Ο.</span> <span class='ocrx_word' id='word_1_3' title='bbox 587 244 758 301; x_wconf 82' lang='lat' dir='ltr'>SALLUSTI</span> <span class='ocrx_word' id='word_1_4' title='bbox 776 243 891 300; x_wconf 76' lang='lat' dir='ltr'>CRISPI</span> 
     </span>
    </p>
   </div>
   <div class='ocr_carea' id='block_1_2' title="bbox 155 384 1217 3630">
    <p class='ocr_par' dir='ltr' id='par_1_2' title="bbox 203 384 1215 563">
     <span class='ocr_line' id='line_1_2' title="bbox 203 384 1215 474; baseline -0.008 -14"><span class='ocrx_word' id='word_1_5' title='bbox 203 398 331 460; x_wconf 87' lang='lat' dir='ltr'>vocant.</span> <span class='ocrx_word' id='word_1_6' title='bbox 382 391 464 459; x_wconf 79' lang='lat' dir='ltr'>Cato</span> <span class='ocrx_word' id='word_1_7' title='bbox 494 393 599 456; x_wconf 90' lang='lat' dir='ltr'>clarus</span> <span class='ocrx_word' id='word_1_8' title='bbox 628 395 725 474; x_wconf 90' lang='lat' dir='ltr'>atque</span> <span class='ocrx_word' id='word_1_9' title='bbox 753 409 891 474; x_wconf 89' lang='lat' dir='ltr'>magnus</span> <span class='ocrx_word' id='word_1_10' title='bbox 920 387 1073 451; x_wconf 89' lang='lat' dir='ltr'>habetur:</span> <span class='ocrx_word' id='word_1_11' title='bbox 1105 384 1215 453; x_wconf 90' lang='lat' dir='ltr'>senati</span> 
     </span>
     <span class='ocr_line' id='line_1_3' title="bbox 204 479 844 563; baseline -0.011 -16"><span class='ocrx_word' id='word_1_12' title='bbox 204 484 371 548; x_wconf 89' lang='lat' dir='ltr'>decretum</span> <span class='ocrx_word' id='word_1_13' title='bbox 392 481 445 563; x_wconf 87' lang='lat' dir='ltr'>fit,</span> <span class='ocrx_word' id='word_1_14' title='bbox 469 479 566 544; x_wconf 90' lang='lat' dir='ltr'>sicuti</span> <span class='ocrx_word' id='word_1_15' title='bbox 588 479 643 543; x_wconf 92' lang='lat' dir='ltr'>ille</span> <span class='ocrx_word' id='word_1_16' title='bbox 667 480 844 542; x_wconf 86' lang='lat' dir='ltr'>censuerat.</span> 
     </span>
    </p>

    <p class='ocr_par' dir='ltr' id='par_1_3' title="bbox 169 563 1215 829">
     <span class='ocr_line' id='line_1_4' title="bbox 169 563 1215 651; baseline -0.005 -17"><span class='ocrx_word' id='word_1_17' title='bbox 169 588 185 633; x_wconf 80' lang='lat' dir='ltr'>a</span> <span class='ocrx_word' id='word_1_18' title='bbox 272 568 335 634; x_wconf 80' lang='lat' dir='ltr'>Sed</span> <span class='ocrx_word' id='word_1_19' title='bbox 358 568 439 632; x_wconf 92' lang='lat' dir='ltr'>mihi</span> <span class='ocrx_word' id='word_1_20' title='bbox 462 569 567 632; x_wconf 93' lang='lat' dir='ltr'>multa</span> <span class='ocrx_word' id='word_1_21' title='bbox 588 566 712 651; x_wconf 87' lang='lat' dir='ltr'>legenti</span> <span class='ocrx_word' id='word_1_22' title='bbox 734 565 839 629; x_wconf 91' lang='lat' dir='ltr'>multa</span> <span class='ocrx_word' id='word_1_23' title='bbox 866 563 1023 646; x_wconf 89' lang='lat' dir='ltr'>audienti,</span> <span class='ocrx_word' id='word_1_24' title='bbox 1051 585 1132 646; x_wconf 93' lang='lat' dir='ltr'>quae</span> <span class='ocrx_word' id='word_1_25' title='bbox 1157 587 1215 647; x_wconf 93' lang='lat' dir='ltr'>po-</span> 
     </span>
     <span class='ocr_line' id='line_1_5' title="bbox 203 651 1214 741; baseline -0.005 -20"><span class='ocrx_word' id='word_1_26' title='bbox 203 659 300 741; x_wconf 92' lang='lat' dir='ltr'>pulus</span> <span class='ocrx_word' id='word_1_27' title='bbox 328 657 494 720; x_wconf 87' lang='lat' dir='ltr'>Romanus</span> <span class='ocrx_word' id='word_1_28' title='bbox 527 655 615 718; x_wconf 91' lang='lat' dir='ltr'>domi</span> <span class='ocrx_word' id='word_1_29' title='bbox 646 653 846 735; x_wconf 91' lang='lat' dir='ltr'>militiaeque</span> <span class='ocrx_word' id='word_1_30' title='bbox 878 651 961 716; x_wconf 90' lang='lat' dir='ltr'>mari</span> <span class='ocrx_word' id='word_1_31' title='bbox 993 656 1090 733; x_wconf 91' lang='lat' dir='ltr'>atque</span> <span class='ocrx_word' id='word_1_32' title='bbox 1122 655 1214 716; x_wconf 90' lang='lat' dir='ltr'>terra</span> 
     </span>
     <span class='ocr_line' id='line_1_6' title="bbox 203 739 1213 829; baseline -0.005 -20"><span class='ocrx_word' id='word_1_33' title='bbox 203 745 371 829; x_wconf 90' lang='lat' dir='ltr'>praeclara</span> <span class='ocrx_word' id='word_1_34' title='bbox 394 742 539 807; x_wconf 86' lang='lat' dir='ltr'>facinora</span> <span class='ocrx_word' id='word_1_35' title='bbox 561 741 652 825; x_wconf 87' lang='lat' dir='ltr'>fecit,</span> <span class='ocrx_word' id='word_1_36' title='bbox 674 740 760 806; x_wconf 88' lang='lat' dir='ltr'>forte</span> <span class='ocrx_word' id='word_1_37' title='bbox 782 739 890 803; x_wconf 91' lang='lat' dir='ltr'>lubuit</span> <span class='ocrx_word' id='word_1_38' title='bbox 918 739 1098 823; x_wconf 90' lang='lat' dir='ltr'>attendere,</span> <span class='ocrx_word' id='word_1_39' title='bbox 1128 761 1213 822; x_wconf 90' lang='lat' dir='ltr'>quae</span> 
     </span>
    </p>

    <p class='ocr_par' dir='ltr' id='par_1_4' title="bbox 169 826 1215 1265">
     <span class='ocr_line' id='line_1_7' title="bbox 169 826 1214 914; baseline -0.005 -17"><span class='ocrx_word' id='word_1_40' title='bbox 169 849 185 896; x_wconf 83' lang='lat'><strong>3</strong></span> <span class='ocrx_word' id='word_1_41' title='bbox 204 855 255 896; x_wconf 82' lang='lat' dir='ltr'>res</span> <span class='ocrx_word' id='word_1_42' title='bbox 275 853 423 896; x_wconf 84' lang='lat' dir='ltr'>maxume</span> <span class='ocrx_word' id='word_1_43' title='bbox 442 832 536 894; x_wconf 92' lang='lat' dir='ltr'>tanta</span> <span class='ocrx_word' id='word_1_44' title='bbox 553 829 686 914; x_wconf 91' lang='lat' dir='ltr'>negotia</span> <span class='ocrx_word' id='word_1_45' title='bbox 705 827 921 892; x_wconf 79' lang='lat' dir='ltr'>sustinuisset.</span> <span class='ocrx_word' id='word_1_46' title='bbox 959 826 1101 891; x_wconf 81' lang='lat' dir='ltr'>sciebam</span> <span class='ocrx_word' id='word_1_47' title='bbox 1115 849 1214 910; x_wconf 85' lang='lat' dir='ltr'>saepe</span> 
     </span>
     <span class='ocr_line' id='line_1_8' title="bbox 186 914 1214 1002; baseline -0.006 -18"><span class='ocrx_word' id='word_1_48' title='bbox 186 919 338 984; x_wconf 62' lang='lat' dir='ltr'>&#39;numero</span> <span class='ocrx_word' id='word_1_49' title='bbox 366 940 466 1002; x_wconf 91' lang='lat' dir='ltr'>parva</span> <span class='ocrx_word' id='word_1_50' title='bbox 493 939 590 982; x_wconf 92' lang='lat' dir='ltr'>manu</span> <span class='ocrx_word' id='word_1_51' title='bbox 613 938 687 981; x_wconf 90' lang='lat' dir='ltr'>oum</span> <span class='ocrx_word' id='word_1_52' title='bbox 709 916 837 1000; x_wconf 87' lang='lat' dir='ltr'>magnis</span> <span class='ocrx_word' id='word_1_53' title='bbox 860 914 1043 999; x_wconf 82' lang='lat' dir='ltr'>legionibus</span> <span class='ocrx_word' id='word_1_54' title='bbox 1065 914 1214 978; x_wconf 88' lang='lat' dir='ltr'>hostium</span> 
     </span>
     <span class='ocr_line' id='line_1_9' title="bbox 205 1001 1215 1091; baseline -0.005 -19"><span class='ocrx_word' id='word_1_55' title='bbox 205 1007 424 1091; x_wconf 73' lang='lat' dir='ltr'>contendisse,</span> <span class='ocrx_word' id='word_1_56' title='bbox 442 1026 657 1090; x_wconf 78' lang='lat' dir='ltr'>cognoveram</span> <span class='ocrx_word' id='word_1_57' title='bbox 675 1003 784 1088; x_wconf 87' lang='lat' dir='ltr'>parvis</span> <span class='ocrx_word' id='word_1_58' title='bbox 803 1001 905 1085; x_wconf 89' lang='lat' dir='ltr'>copiis</span> <span class='ocrx_word' id='word_1_59' title='bbox 923 1002 1011 1066; x_wconf 92' lang='lat' dir='ltr'>bella</span> <span class='ocrx_word' id='word_1_60' title='bbox 1028 1005 1123 1087; x_wconf 88' lang='lat' dir='ltr'>gesta</span> <span class='ocrx_word' id='word_1_61' title='bbox 1137 1025 1215 1067; x_wconf 89' lang='lat' dir='ltr'>cum</span> 
     </span>
     <span class='ocr_line' id='line_1_10' title="bbox 205 1089 1214 1180; baseline -0.007 -20"><span class='ocrx_word' id='word_1_62' title='bbox 205 1095 369 1180; x_wconf 91' lang='lat' dir='ltr'>opulentis</span> <span class='ocrx_word' id='word_1_63' title='bbox 396 1093 542 1177; x_wconf 86' lang='lat' dir='ltr'>regibus,</span> <span class='ocrx_word' id='word_1_64' title='bbox 570 1093 610 1157; x_wconf 92' lang='lat' dir='ltr'>ad</span> <span class='ocrx_word' id='word_1_65' title='bbox 637 1092 699 1156; x_wconf 87' lang='lat' dir='ltr'>hoc</span> <span class='ocrx_word' id='word_1_66' title='bbox 726 1112 822 1174; x_wconf 87' lang='lat' dir='ltr'>saepe</span> <span class='ocrx_word' id='word_1_67' title='bbox 849 1090 999 1154; x_wconf 77' lang='lat' dir='ltr'>fortunae</span> <span class='ocrx_word' id='word_1_68' title='bbox 1022 1089 1214 1154; x_wconf 89' lang='lat' dir='ltr'>violentiam</span> 
     </span>
     <span class='ocr_line' id='line_1_11' title="bbox 206 1175 1213 1265; baseline -0.004 -19"><span class='ocrx_word' id='word_1_69' title='bbox 206 1184 405 1265; x_wconf 87' lang='lat' dir='ltr'>toleravisse,</span> <span class='ocrx_word' id='word_1_70' title='bbox 427 1180 578 1245; x_wconf 80' lang='lat' dir='ltr'>facundia</span> <span class='ocrx_word' id='word_1_71' title='bbox 601 1177 751 1261; x_wconf 79' lang='lat' dir='ltr'>Graecos,</span> <span class='ocrx_word' id='word_1_72' title='bbox 775 1177 881 1263; x_wconf 91' lang='lat' dir='ltr'>gloria</span> <span class='ocrx_word' id='word_1_73' title='bbox 904 1177 984 1241; x_wconf 92' lang='lat' dir='ltr'>belli</span> <span class='ocrx_word' id='word_1_74' title='bbox 1004 1175 1115 1241; x_wconf 81' lang='lat' dir='ltr'>Gallos</span> <span class='ocrx_word' id='word_1_75' title='bbox 1135 1182 1213 1242; x_wconf 89' lang='lat' dir='ltr'>ante</span> 
     </span>
    </p>

    <p class='ocr_par' dir='ltr' id='par_1_5' title="bbox 170 1264 1214 1528">
     <span class='ocr_line' id='line_1_12' title="bbox 170 1264 1214 1350; baseline -0.001 -19"><span class='ocrx_word' id='word_1_76' title='bbox 170 1270 370 1335; x_wconf 82' lang='lat' dir='ltr'>4Romanos</span> <span class='ocrx_word' id='word_1_77' title='bbox 398 1268 507 1333; x_wconf 89' lang='lat' dir='ltr'>fuisse.</span> <span class='ocrx_word' id='word_1_78' title='bbox 557 1289 594 1332; x_wconf 87' lang='lat' dir='ltr'>ac</span> <span class='ocrx_word' id='word_1_79' title='bbox 621 1267 701 1331; x_wconf 92' lang='lat' dir='ltr'>mihi</span> <span class='ocrx_word' id='word_1_80' title='bbox 729 1266 833 1329; x_wconf 92' lang='lat' dir='ltr'>multa</span> <span class='ocrx_word' id='word_1_81' title='bbox 865 1264 1006 1350; x_wconf 82' lang='lat' dir='ltr'>agitanti</span> <span class='ocrx_word' id='word_1_82' title='bbox 1038 1266 1214 1330; x_wconf 87' lang='lat' dir='ltr'>constabat</span> 
     </span>
     <span class='ocr_line' id='line_1_13' title="bbox 205 1352 1212 1441; baseline -0.004 -20"><span class='ocrx_word' id='word_1_83' title='bbox 205 1378 382 1441; x_wconf 87' lang='lat' dir='ltr'>paucorum</span> <span class='ocrx_word' id='word_1_84' title='bbox 401 1356 520 1420; x_wconf 91' lang='lat' dir='ltr'>civium</span> <span class='ocrx_word' id='word_1_85' title='bbox 539 1355 703 1440; x_wconf 87' lang='lat' dir='ltr'>egregiam</span> <span class='ocrx_word' id='word_1_86' title='bbox 721 1353 877 1419; x_wconf 88' lang='lat' dir='ltr'>virtutem</span> <span class='ocrx_word' id='word_1_87' title='bbox 892 1356 1008 1417; x_wconf 90' lang='lat' dir='ltr'>cuncta</span> <span class='ocrx_word' id='word_1_88' title='bbox 1021 1352 1212 1437; x_wconf 83' lang='lat' dir='ltr'>patravisse,</span> 
     </span>
     <span class='ocr_line' id='line_1_14' title="bbox 206 1440 1213 1528; baseline -0.005 -19"><span class='ocrx_word' id='word_1_89' title='bbox 206 1467 307 1528; x_wconf 89' lang='lat' dir='ltr'>eoque</span> <span class='ocrx_word' id='word_1_90' title='bbox 339 1443 475 1527; x_wconf 83' lang='lat' dir='ltr'>factum,</span> <span class='ocrx_word' id='word_1_91' title='bbox 504 1443 554 1507; x_wconf 92' lang='lat' dir='ltr'>uti</span> <span class='ocrx_word' id='word_1_92' title='bbox 586 1443 716 1507; x_wconf 84' lang='lat' dir='ltr'>divitias</span> <span class='ocrx_word' id='word_1_93' title='bbox 747 1444 936 1525; x_wconf 75' lang='lat' dir='ltr'>paupertaS,</span> <span class='ocrx_word' id='word_1_94' title='bbox 968 1440 1213 1505; x_wconf 90' lang='lat' dir='ltr'>multitudinem</span> 
     </span>
    </p>

    <p class='ocr_par' dir='ltr' id='par_1_6' title="bbox 171 1528 1214 1964">
     <span class='ocr_line' id='line_1_15' title="bbox 171 1528 1214 1616; baseline -0.002 -21"><span class='ocrx_word' id='word_1_95' title='bbox 171 1545 187 1595; x_wconf 80' lang='lat'><strong>5</strong></span> <span class='ocrx_word' id='word_1_96' title='bbox 206 1533 353 1616; x_wconf 89' lang='lat' dir='ltr'>paucitas</span> <span class='ocrx_word' id='word_1_97' title='bbox 377 1535 552 1615; x_wconf 88' lang='lat' dir='ltr'>superaret.</span> <span class='ocrx_word' id='word_1_98' title='bbox 598 1531 654 1595; x_wconf 91' lang='lat' dir='ltr'>sed</span> <span class='ocrx_word' id='word_1_99' title='bbox 675 1533 849 1613; x_wconf 89' lang='lat' dir='ltr'>postquam</span> <span class='ocrx_word' id='word_1_100' title='bbox 872 1529 950 1592; x_wconf 85' lang='lat' dir='ltr'>luxu</span> <span class='ocrx_word' id='word_1_101' title='bbox 973 1532 1070 1610; x_wconf 90' lang='lat' dir='ltr'>atque</span> <span class='ocrx_word' id='word_1_102' title='bbox 1089 1528 1214 1593; x_wconf 87' lang='lat' dir='ltr'>desidia</span> 
     </span>
     <span class='ocr_line' id='line_1_16' title="bbox 206 1616 1212 1701; baseline -0.004 -16"><span class='ocrx_word' id='word_1_103' title='bbox 206 1620 322 1685; x_wconf 88' lang='lat' dir='ltr'>civitas</span> <span class='ocrx_word' id='word_1_104' title='bbox 349 1622 509 1701; x_wconf 89' lang='lat' dir='ltr'>conrupta</span> <span class='ocrx_word' id='word_1_105' title='bbox 535 1621 599 1701; x_wconf 89' lang='lat' dir='ltr'>est,</span> <span class='ocrx_word' id='word_1_106' title='bbox 626 1639 737 1681; x_wconf 87' lang='lat' dir='ltr'>rursus</span> <span class='ocrx_word' id='word_1_107' title='bbox 760 1638 812 1681; x_wconf 89' lang='lat' dir='ltr'>res</span> <span class='ocrx_word' id='word_1_108' title='bbox 834 1616 966 1698; x_wconf 88' lang='lat' dir='ltr'>publica</span> <span class='ocrx_word' id='word_1_109' title='bbox 988 1616 1212 1701; x_wconf 87' lang='lat' dir='ltr'>magnitudine</span> 
     </span>
     <span class='ocr_line' id='line_1_17' title="bbox 207 1703 1213 1789; baseline -0.002 -19"><span class='ocrx_word' id='word_1_110' title='bbox 207 1729 266 1771; x_wconf 88' lang='lat' dir='ltr'>sua</span> <span class='ocrx_word' id='word_1_111' title='bbox 296 1707 530 1788; x_wconf 87' lang='lat' dir='ltr'>imperatorum</span> <span class='ocrx_word' id='word_1_112' title='bbox 562 1709 659 1787; x_wconf 90' lang='lat' dir='ltr'>atque</span> <span class='ocrx_word' id='word_1_113' title='bbox 691 1705 943 1789; x_wconf 90' lang='lat' dir='ltr'>magistratuum</span> <span class='ocrx_word' id='word_1_114' title='bbox 974 1703 1056 1768; x_wconf 91' lang='lat' dir='ltr'>vitia</span> <span class='ocrx_word' id='word_1_115' title='bbox 1081 1708 1213 1773; x_wconf 57' lang='lat' dir='ltr'>,susten-</span> 
     </span>
     <span class='ocr_line' id='line_1_18' title="bbox 206 1791 1212 1876; baseline -0.001 -19"><span class='ocrx_word' id='word_1_116' title='bbox 206 1795 300 1857; x_wconf 91' lang='lat' dir='ltr'>tabat</span> <span class='ocrx_word' id='word_1_117' title='bbox 323 1814 375 1876; x_wconf 91' lang='lat' dir='ltr'>ac,</span> <span class='ocrx_word' id='word_1_118' title='bbox 398 1792 496 1856; x_wconf 91' lang='lat' dir='ltr'>sicuti</span> <span class='ocrx_word' id='word_1_119' title='bbox 518 1792 615 1856; x_wconf 88' lang='lat' dir='ltr'>effeta</span> <span class='ocrx_word' id='word_1_120' title='bbox 640 1796 788 1875; x_wconf 88' lang='lat' dir='ltr'>parente,</span> <span class='ocrx_word' id='word_1_121' title='bbox 816 1791 928 1856; x_wconf 90' lang='lat' dir='ltr'>multis</span> <span class='ocrx_word' id='word_1_122' title='bbox 960 1792 1212 1876; x_wconf 84' lang='lat' dir='ltr'>tempestatibus</span> 
     </span>
     <span class='ocr_line' id='line_1_19' title="bbox 205 1878 1213 1964; baseline 0 -20"><span class='ocrx_word' id='word_1_123' title='bbox 205 1881 292 1944; x_wconf 93' lang='lat' dir='ltr'>haud</span> <span class='ocrx_word' id='word_1_124' title='bbox 328 1901 405 1944; x_wconf 89' lang='lat' dir='ltr'>sane</span> <span class='ocrx_word' id='word_1_125' title='bbox 441 1879 613 1962; x_wconf 88' lang='lat' dir='ltr'>quisquam</span> <span class='ocrx_word' id='word_1_126' title='bbox 649 1878 772 1944; x_wconf 88' lang='lat' dir='ltr'>Romae</span> <span class='ocrx_word' id='word_1_127' title='bbox 808 1879 930 1944; x_wconf 90' lang='lat' dir='ltr'>virtute</span> <span class='ocrx_word' id='word_1_128' title='bbox 966 1899 1103 1964; x_wconf 89' lang='lat' dir='ltr'>magnus</span> <span class='ocrx_word' id='word_1_129' title='bbox 1140 1879 1213 1944; x_wconf 86' lang='lat' dir='ltr'>fuit.</span> 
     </span>
    </p>

    <p class='ocr_par' dir='ltr' id='par_1_7' title="bbox 172 1966 1214 2315">
     <span class='ocr_line' id='line_1_20' title="bbox 172 1966 1212 2052; baseline 0 -19"><span class='ocrx_word' id='word_1_130' title='bbox 172 1969 264 2034; x_wconf 83' lang='lat' dir='ltr'>esed</span> <span class='ocrx_word' id='word_1_131' title='bbox 296 1967 452 2031; x_wconf 91' lang='lat' dir='ltr'>memoria</span> <span class='ocrx_word' id='word_1_132' title='bbox 483 1989 555 2031; x_wconf 91' lang='lat' dir='ltr'>mea</span> <span class='ocrx_word' id='word_1_133' title='bbox 586 1967 712 2052; x_wconf 91' lang='lat' dir='ltr'>ingenti</span> <span class='ocrx_word' id='word_1_134' title='bbox 734 1967 869 2050; x_wconf 91' lang='lat' dir='ltr'>virtute,</span> <span class='ocrx_word' id='word_1_135' title='bbox 901 1966 1038 2033; x_wconf 88' lang='lat' dir='ltr'>divorsis</span> <span class='ocrx_word' id='word_1_136' title='bbox 1066 1967 1212 2033; x_wconf 89' lang='lat' dir='ltr'>moribus</span> 
     </span>
     <span class='ocr_line' id='line_1_21' title="bbox 206 2052 1213 2139; baseline -0.001 -20"><span class='ocrx_word' id='word_1_137' title='bbox 206 2055 295 2120; x_wconf 85' lang='lat' dir='ltr'>fuere</span> <span class='ocrx_word' id='word_1_138' title='bbox 319 2055 381 2119; x_wconf 91' lang='lat' dir='ltr'>viri</span> <span class='ocrx_word' id='word_1_139' title='bbox 404 2056 476 2139; x_wconf 91' lang='lat' dir='ltr'>duo,</span> <span class='ocrx_word' id='word_1_140' title='bbox 498 2054 542 2118; x_wconf 90' lang='lat' dir='ltr'>M.</span> <span class='ocrx_word' id='word_1_141' title='bbox 566 2053 647 2119; x_wconf 78' lang='lat' dir='ltr'>(lato</span> <span class='ocrx_word' id='word_1_142' title='bbox 672 2057 706 2118; x_wconf 91' lang='lat' dir='ltr'>et</span> <span class='ocrx_word' id='word_1_143' title='bbox 729 2054 763 2120; x_wconf 79' lang='grc' dir='ltr'>Ο.</span> <span class='ocrx_word' id='word_1_144' title='bbox 787 2052 915 2120; x_wconf 81' lang='lat' dir='ltr'>Caesar.</span> <span class='ocrx_word' id='word_1_145' title='bbox 958 2076 1039 2139; x_wconf 93' lang='lat' dir='ltr'>quos</span> <span class='ocrx_word' id='word_1_146' title='bbox 1058 2054 1213 2138; x_wconf 90' lang='lat' dir='ltr'>quoniam</span> 
     </span>
     <span class='ocr_line' id='line_1_22' title="bbox 207 2142 1214 2227; baseline 0.001 -21"><span class='ocrx_word' id='word_1_147' title='bbox 207 2166 257 2208; x_wconf 87' lang='lat' dir='ltr'>res</span> <span class='ocrx_word' id='word_1_148' title='bbox 287 2143 463 2226; x_wconf 90' lang='lat' dir='ltr'>obtulerat,</span> <span class='ocrx_word' id='word_1_149' title='bbox 491 2142 620 2206; x_wconf 91' lang='lat' dir='ltr'>silentio</span> <span class='ocrx_word' id='word_1_150' title='bbox 647 2142 823 2225; x_wconf 87' lang='lat' dir='ltr'>praeterire</span> <span class='ocrx_word' id='word_1_151' title='bbox 850 2164 917 2206; x_wconf 94' lang='lat' dir='ltr'>non</span> <span class='ocrx_word' id='word_1_152' title='bbox 942 2143 1007 2207; x_wconf 88' lang='lat' dir='ltr'>fuit</span> <span class='ocrx_word' id='word_1_153' title='bbox 1031 2142 1214 2227; x_wconf 88' lang='lat' dir='ltr'>consilium,</span> 
     </span>
     <span class='ocr_line' id='line_1_23' title="bbox 208 2230 1212 2315; baseline 0 -20"><span class='ocrx_word' id='word_1_154' title='bbox 208 2232 287 2314; x_wconf 95' lang='lat' dir='ltr'>quin</span> <span class='ocrx_word' id='word_1_155' title='bbox 312 2231 481 2313; x_wconf 89' lang='lat' dir='ltr'>utriusque</span> <span class='ocrx_word' id='word_1_156' title='bbox 507 2233 660 2294; x_wconf 89' lang='lat' dir='ltr'>naturam</span> <span class='ocrx_word' id='word_1_157' title='bbox 687 2234 720 2294; x_wconf 91' lang='lat' dir='ltr'>et</span> <span class='ocrx_word' id='word_1_158' title='bbox 747 2251 868 2313; x_wconf 90' lang='lat' dir='ltr'>mores,</span> <span class='ocrx_word' id='word_1_159' title='bbox 896 2235 1053 2314; x_wconf 91' lang='lat' dir='ltr'>quantum</span> <span class='ocrx_word' id='word_1_160' title='bbox 1081 2230 1212 2315; x_wconf 87' lang='lat' dir='ltr'>ingenio</span> 
     </span>
    </p>

    <p class='ocr_par' dir='ltr' id='par_1_8' title="bbox 155 2317 1215 2491">
     <span class='ocr_line' id='line_1_24' title="bbox 155 2317 1215 2403; baseline 0 -21"><span class='ocrx_word' id='word_1_161' title='bbox 155 2318 199 2382; x_wconf 82' lang='lat'>54</span> <span class='ocrx_word' id='word_1_162' title='bbox 209 2339 352 2400; x_wconf 88' lang='lat' dir='ltr'>possum,</span> <span class='ocrx_word' id='word_1_163' title='bbox 382 2317 548 2400; x_wconf 90' lang='lat' dir='ltr'>aperirem.</span> <span class='ocrx_word' id='word_1_164' title='bbox 594 2317 697 2402; x_wconf 87' lang='lat' dir='ltr'>igitur</span> <span class='ocrx_word' id='word_1_165' title='bbox 719 2318 765 2382; x_wconf 91' lang='lat' dir='ltr'>eis</span> <span class='ocrx_word' id='word_1_166' title='bbox 789 2339 890 2403; x_wconf 89' lang='lat' dir='ltr'>genus</span> <span class='ocrx_word' id='word_1_167' title='bbox 914 2323 1004 2382; x_wconf 92' lang='lat' dir='ltr'>aetas</span> <span class='ocrx_word' id='word_1_168' title='bbox 1027 2318 1215 2401; x_wconf 88' lang='lat' dir='ltr'>eloquentia</span> 
     </span>
     <span class='ocr_line' id='line_1_25' title="bbox 207 2402 1214 2491; baseline 0.004 -25"><span class='ocrx_word' id='word_1_169' title='bbox 207 2425 308 2486; x_wconf 91' lang='lat' dir='ltr'>prope</span> <span class='ocrx_word' id='word_1_170' title='bbox 323 2404 471 2486; x_wconf 90' lang='lat' dir='ltr'>aequalia</span> <span class='ocrx_word' id='word_1_171' title='bbox 483 2402 582 2488; x_wconf 88' lang='lat' dir='ltr'>fuere,</span> <span class='ocrx_word' id='word_1_172' title='bbox 600 2404 791 2488; x_wconf 88' lang='lat' dir='ltr'>magnitudo</span> <span class='ocrx_word' id='word_1_173' title='bbox 806 2405 906 2469; x_wconf 92' lang='lat' dir='ltr'>animi</span> <span class='ocrx_word' id='word_1_174' title='bbox 919 2428 987 2490; x_wconf 88' lang='lat' dir='ltr'>par,</span> <span class='ocrx_word' id='word_1_175' title='bbox 1004 2406 1084 2470; x_wconf 92' lang='lat' dir='ltr'>item</span> <span class='ocrx_word' id='word_1_176' title='bbox 1099 2406 1214 2491; x_wconf 88' lang='lat' dir='ltr'>gloria,</span> 
     </span>
    </p>

    <p class='ocr_par' dir='ltr' id='par_1_9' title="bbox 172 2489 1214 2753">
     <span class='ocr_line' id='line_1_26' title="bbox 172 2489 1213 2578; baseline 0.003 -23"><span class='ocrx_word' id='word_1_177' title='bbox 172 2507 188 2555; x_wconf 83' lang='lat'><strong>2</strong></span> <span class='ocrx_word' id='word_1_178' title='bbox 209 2491 265 2554; x_wconf 91' lang='lat' dir='ltr'>sed</span> <span class='ocrx_word' id='word_1_179' title='bbox 283 2491 347 2554; x_wconf 92' lang='lat' dir='ltr'>alia</span> <span class='ocrx_word' id='word_1_180' title='bbox 366 2489 430 2554; x_wconf 89' lang='lat' dir='ltr'>alii.</span> <span class='ocrx_word' id='word_1_181' title='bbox 467 2489 586 2555; x_wconf 80' lang='lat' dir='ltr'>Caesar</span> <span class='ocrx_word' id='word_1_182' title='bbox 603 2491 761 2557; x_wconf 92' lang='lat' dir='ltr'>benificiis</span> <span class='ocrx_word' id='word_1_183' title='bbox 781 2514 818 2557; x_wconf 90' lang='lat' dir='ltr'>ac</span> <span class='ocrx_word' id='word_1_184' title='bbox 836 2493 1056 2559; x_wconf 91' lang='lat' dir='ltr'>munificentia</span> <span class='ocrx_word' id='word_1_185' title='bbox 1074 2514 1213 2578; x_wconf 89' lang='lat' dir='ltr'>magnus</span> 
     </span>
     <span class='ocr_line' id='line_1_27' title="bbox 207 2577 1213 2662; baseline 0.004 -20"><span class='ocrx_word' id='word_1_186' title='bbox 207 2578 398 2660; x_wconf 90' lang='lat' dir='ltr'>habebatur,</span> <span class='ocrx_word' id='word_1_187' title='bbox 421 2577 613 2662; x_wconf 87' lang='lat' dir='ltr'>integritate</span> <span class='ocrx_word' id='word_1_188' title='bbox 636 2579 722 2644; x_wconf 89' lang='lat' dir='ltr'>vitae</span> <span class='ocrx_word' id='word_1_189' title='bbox 746 2579 837 2645; x_wconf 80' lang='lat' dir='ltr'>Cato.</span> <span class='ocrx_word' id='word_1_190' title='bbox 882 2579 938 2646; x_wconf 92' lang='lat' dir='ltr'>ille</span> <span class='ocrx_word' id='word_1_191' title='bbox 966 2581 1213 2647; x_wconf 89' lang='lat' dir='ltr'>mansuetudine</span> 
     </span>
     <span class='ocr_line' id='line_1_28' title="bbox 208 2665 1214 2753; baseline 0.004 -23"><span class='ocrx_word' id='word_1_192' title='bbox 208 2670 241 2730; x_wconf 92' lang='lat' dir='ltr'>et</span> <span class='ocrx_word' id='word_1_193' title='bbox 259 2666 481 2731; x_wconf 87' lang='lat' dir='ltr'>misericordia</span> <span class='ocrx_word' id='word_1_194' title='bbox 499 2666 604 2730; x_wconf 88' lang='lat' dir='ltr'>clarus</span> <span class='ocrx_word' id='word_1_195' title='bbox 624 2665 739 2751; x_wconf 86' lang='lat' dir='ltr'>factus,</span> <span class='ocrx_word' id='word_1_196' title='bbox 756 2668 833 2733; x_wconf 89' lang='lat' dir='ltr'>huic</span> <span class='ocrx_word' id='word_1_197' title='bbox 849 2669 1005 2734; x_wconf 87' lang='lat' dir='ltr'>severitas</span> <span class='ocrx_word' id='word_1_198' title='bbox 1019 2669 1214 2753; x_wconf 88' lang='lat' dir='ltr'>dignitatem</span> 
     </span>
    </p>

    <p class='ocr_par' dir='ltr' id='par_1_10' title="bbox 172 2752 1214 3014">
     <span class='ocr_line' id='line_1_29' title="bbox 172 2752 1214 2841; baseline 0.003 -23"><span class='ocrx_word' id='word_1_199' title='bbox 172 2769 188 2818; x_wconf 78' lang='lat' dir='ltr'>a</span> <span class='ocrx_word' id='word_1_200' title='bbox 209 2754 383 2819; x_wconf 89' lang='lat' dir='ltr'>addiderat.</span> <span class='ocrx_word' id='word_1_201' title='bbox 421 2752 539 2829; x_wconf 79' lang='lat' dir='ltr'>Caesar</span> <span class='ocrx_word' id='word_1_202' title='bbox 558 2755 662 2819; x_wconf 90' lang='lat' dir='ltr'>dando</span> <span class='ocrx_word' id='word_1_203' title='bbox 682 2756 879 2821; x_wconf 85' lang='lat' dir='ltr'>sublevando</span> <span class='ocrx_word' id='word_1_204' title='bbox 898 2755 1109 2841; x_wconf 84' lang='lat' dir='ltr'>ignoscundo,</span> <span class='ocrx_word' id='word_1_205' title='bbox 1129 2755 1214 2821; x_wconf 79' lang='lat' dir='ltr'>Cato</span> 
     </span>
     <span class='ocr_line' id='line_1_30' title="bbox 207 2841 1214 2927; baseline 0.004 -22"><span class='ocrx_word' id='word_1_206' title='bbox 207 2843 289 2905; x_wconf 91' lang='lat' dir='ltr'>nihil</span> <span class='ocrx_word' id='word_1_207' title='bbox 312 2841 483 2926; x_wconf 87' lang='lat' dir='ltr'>largiundo</span> <span class='ocrx_word' id='word_1_208' title='bbox 502 2841 642 2926; x_wconf 87' lang='lat' dir='ltr'>gloriam</span> <span class='ocrx_word' id='word_1_209' title='bbox 661 2844 796 2927; x_wconf 92' lang='lat' dir='ltr'>adeptus</span> <span class='ocrx_word' id='word_1_210' title='bbox 815 2848 874 2908; x_wconf 91' lang='lat' dir='ltr'>est.</span> <span class='ocrx_word' id='word_1_211' title='bbox 910 2845 945 2908; x_wconf 92' lang='lat' dir='ltr'>in</span> <span class='ocrx_word' id='word_1_212' title='bbox 963 2844 1066 2910; x_wconf 88' lang='lat' dir='ltr'>altero</span> <span class='ocrx_word' id='word_1_213' title='bbox 1085 2844 1214 2909; x_wconf 89' lang='lat' dir='ltr'>miseris</span> 
     </span>
     <span class='ocr_line' id='line_1_31' title="bbox 208 2928 1214 3014; baseline 0.006 -23"><span class='ocrx_word' id='word_1_214' title='bbox 208 2928 392 3013; x_wconf 77' lang='lat' dir='ltr'>perfugium</span> <span class='ocrx_word' id='word_1_215' title='bbox 415 2932 494 3012; x_wconf 88' lang='lat' dir='ltr'>erat,</span> <span class='ocrx_word' id='word_1_216' title='bbox 516 2928 551 2992; x_wconf 92' lang='lat' dir='ltr'>in</span> <span class='ocrx_word' id='word_1_217' title='bbox 574 2930 677 2994; x_wconf 92' lang='lat' dir='ltr'>altero</span> <span class='ocrx_word' id='word_1_218' title='bbox 700 2931 795 2995; x_wconf 92' lang='lat' dir='ltr'>malis</span> <span class='ocrx_word' id='word_1_219' title='bbox 818 2932 985 3014; x_wconf 89' lang='lat' dir='ltr'>pernicies.</span> <span class='ocrx_word' id='word_1_220' title='bbox 1029 2931 1118 2996; x_wconf 92' lang='lat' dir='ltr'>illius</span> <span class='ocrx_word' id='word_1_221' title='bbox 1136 2930 1214 2997; x_wconf 87' lang='lat' dir='ltr'>faci-</span> 
     </span>
    </p>

    <p class='ocr_par' dir='ltr' id='par_1_11' title="bbox 172 3015 1215 3455">
     <span class='ocr_line' id='line_1_32' title="bbox 172 3015 1213 3103; baseline 0.009 -26"><span class='ocrx_word' id='word_1_222' title='bbox 172 3015 299 3098; x_wconf 78' lang='lat' dir='ltr'>rlitas,</span> <span class='ocrx_word' id='word_1_223' title='bbox 326 3015 422 3079; x_wconf 91' lang='lat' dir='ltr'>huius</span> <span class='ocrx_word' id='word_1_224' title='bbox 447 3016 631 3081; x_wconf 90' lang='lat' dir='ltr'>constantia</span> <span class='ocrx_word' id='word_1_225' title='bbox 657 3017 860 3083; x_wconf 88' lang='lat' dir='ltr'>laudabatur.</span> <span class='ocrx_word' id='word_1_226' title='bbox 905 3024 1070 3103; x_wconf 89' lang='lat' dir='ltr'>postremo</span> <span class='ocrx_word' id='word_1_227' title='bbox 1094 3017 1213 3086; x_wconf 79' lang='lat' dir='ltr'>Caesar</span> 
     </span>
     <span class='ocr_line' id='line_1_33' title="bbox 208 3102 1214 3193; baseline 0.008 -28"><span class='ocrx_word' id='word_1_228' title='bbox 208 3102 410 3166; x_wconf 88' lang='lat' dir='ltr'>inanimum</span> <span class='ocrx_word' id='word_1_229' title='bbox 431 3102 602 3167; x_wconf 87' lang='lat' dir='ltr'>induxerat</span> <span class='ocrx_word' id='word_1_230' title='bbox 624 3104 773 3170; x_wconf 88' lang='lat' dir='ltr'>laborare</span> <span class='ocrx_word' id='word_1_231' title='bbox 796 3106 946 3192; x_wconf 71' lang='lat' dir='ltr'>vigilare,</span> <span class='ocrx_word' id='word_1_232' title='bbox 970 3107 1112 3193; x_wconf 89' lang='lat' dir='ltr'>negotiis</span> <span class='ocrx_word' id='word_1_233' title='bbox 1135 3110 1214 3172; x_wconf 89' lang='lat' dir='ltr'>ami-</span> 
     </span>
     <span class='ocr_line' id='line_1_34' title="bbox 208 3185 1214 3280; baseline 0.007 -25"><span class='ocrx_word' id='word_1_234' title='bbox 208 3212 320 3256; x_wconf 88' lang='lat' dir='ltr'>corum</span> <span class='ocrx_word' id='word_1_235' title='bbox 347 3191 493 3255; x_wconf 93' lang='lat' dir='ltr'>intentus</span> <span class='ocrx_word' id='word_1_236' title='bbox 521 3212 579 3255; x_wconf 89' lang='lat' dir='ltr'>sua</span> <span class='ocrx_word' id='word_1_237' title='bbox 605 3193 791 3278; x_wconf 88' lang='lat' dir='ltr'>neglegere,</span> <span class='ocrx_word' id='word_1_238' title='bbox 817 3194 900 3258; x_wconf 91' lang='lat' dir='ltr'>nihil</span> <span class='ocrx_word' id='word_1_239' title='bbox 928 3185 1100 3280; x_wconf 82' lang='lat' dir='ltr'>den&#39;egare,</span> <span class='ocrx_word' id='word_1_240' title='bbox 1127 3199 1214 3279; x_wconf 93' lang='lat' dir='ltr'>quod</span> 
     </span>
     <span class='ocr_line' id='line_1_35' title="bbox 208 3279 1215 3366; baseline 0.007 -24"><span class='ocrx_word' id='word_1_241' title='bbox 208 3279 292 3342; x_wconf 91' lang='lat' dir='ltr'>dono</span> <span class='ocrx_word' id='word_1_242' title='bbox 315 3279 450 3363; x_wconf 91' lang='lat' dir='ltr'>dignum</span> <span class='ocrx_word' id='word_1_243' title='bbox 468 3282 567 3364; x_wconf 72' lang='lat' dir='ltr'>esset,</span> <span class='ocrx_word' id='word_1_244' title='bbox 590 3279 654 3343; x_wconf 90' lang='lat' dir='ltr'>sibi</span> <span class='ocrx_word' id='word_1_245' title='bbox 672 3300 827 3365; x_wconf 89' lang='lat' dir='ltr'>magnum</span> <span class='ocrx_word' id='word_1_246' title='bbox 845 3282 1018 3366; x_wconf 91' lang='lat' dir='ltr'>imperium</span> <span class='ocrx_word' id='word_1_247' title='bbox 1037 3283 1215 3349; x_wconf 86' lang='lat' dir='ltr'>exereitum</span> 
     </span>
     <span class='ocr_line' id='line_1_36' title="bbox 207 3366 1215 3455; baseline 0.007 -25"><span class='ocrx_word' id='word_1_248' title='bbox 207 3366 329 3430; x_wconf 91' lang='lat' dir='ltr'>bellum</span> <span class='ocrx_word' id='word_1_249' title='bbox 351 3388 470 3431; x_wconf 93' lang='lat' dir='ltr'>novom</span> <span class='ocrx_word' id='word_1_250' title='bbox 493 3367 678 3450; x_wconf 87' lang='lat' dir='ltr'>exoptabat,</span> <span class='ocrx_word' id='word_1_251' title='bbox 701 3369 759 3432; x_wconf 92' lang='lat' dir='ltr'>ubi</span> <span class='ocrx_word' id='word_1_252' title='bbox 776 3369 881 3434; x_wconf 85' lang='lat' dir='ltr'>virtus</span> <span class='ocrx_word' id='word_1_253' title='bbox 900 3370 1075 3435; x_wconf 89' lang='lat' dir='ltr'>enitescere</span> <span class='ocrx_word' id='word_1_254' title='bbox 1093 3377 1215 3455; x_wconf 88' lang='lat' dir='ltr'>posset.</span> 
     </span>
    </p>

    <p class='ocr_par' dir='ltr' id='par_1_12' title="bbox 173 3452 1217 3525">
     <span class='ocr_line' id='line_1_37' title="bbox 173 3452 1217 3525; baseline 0.007 -8"><span class='ocrx_word' id='word_1_255' title='bbox 173 3468 188 3517; x_wconf 80' lang='lat'><strong>5</strong></span> <span class='ocrx_word' id='word_1_256' title='bbox 209 3457 244 3516; x_wconf 89' lang='lat' dir='ltr'>at</span> <span class='ocrx_word' id='word_1_257' title='bbox 266 3452 384 3518; x_wconf 78' lang='lat' dir='ltr'>Catoni</span> <span class='ocrx_word' id='word_1_258' title='bbox 408 3455 552 3518; x_wconf 91' lang='lat' dir='ltr'>studium</span> <span class='ocrx_word' id='word_1_259' title='bbox 575 3455 752 3519; x_wconf 91' lang='lat' dir='ltr'>modestiae</span> <span class='ocrx_word' id='word_1_260' title='bbox 775 3457 900 3521; x_wconf 87' lang='lat' dir='ltr'>decoris</span> <span class='ocrx_word' id='word_1_261' title='bbox 924 3458 981 3522; x_wconf 90' lang='lat' dir='ltr'>sed</span> <span class='ocrx_word' id='word_1_262' title='bbox 999 3480 1148 3523; x_wconf 86' lang='lat' dir='ltr'>maxume</span> <span class='ocrx_word' id='word_1_263' title='bbox 1168 3482 1217 3525; x_wconf 91' lang='lat' dir='ltr'>se·</span> 
     </span>
    </p>

    <p class='ocr_par' dir='ltr' id='par_1_13' title="bbox 172 3541 1216 3630">
     <span class='ocr_line' id='line_1_38' title="bbox 172 3541 1216 3630; baseline 0.008 -25"><span class='ocrx_word' id='word_1_264' title='bbox 172 3556 188 3605; x_wconf 82' lang='grc'><strong>6</strong></span> <span class='ocrx_word' id='word_1_265' title='bbox 208 3541 355 3605; x_wconf 88' lang='lat' dir='ltr'>veritatis</span> <span class='ocrx_word' id='word_1_266' title='bbox 379 3546 462 3628; x_wconf 81' lang='lat' dir='ltr'>erat3</span> <span class='ocrx_word' id='word_1_267' title='bbox 488 3564 555 3606; x_wconf 93' lang='lat' dir='ltr'>non</span> <span class='ocrx_word' id='word_1_268' title='bbox 582 3542 704 3607; x_wconf 90' lang='lat' dir='ltr'>divitiis</span> <span class='ocrx_word' id='word_1_269' title='bbox 728 3565 802 3608; x_wconf 90' lang='lat' dir='ltr'>cum</span> <span class='ocrx_word' id='word_1_270' title='bbox 825 3545 924 3610; x_wconf 89' lang='lat' dir='ltr'>divite</span> <span class='ocrx_word' id='word_1_271' title='bbox 946 3567 1050 3630; x_wconf 86' lang='lat' dir='ltr'>neque</span> <span class='ocrx_word' id='word_1_272' title='bbox 1073 3546 1216 3614; x_wconf 88' lang='lat' dir='ltr'>factione</span> 
     </span>
    </p>
   </div>
   <div class='ocr_carea' id='block_1_3' title="bbox 0 0 1276 4192">
    <p class='ocr_par' dir='ltr' id='par_1_14' title="bbox 0 0 1276 4192">
     <span class='ocr_line' id='line_1_39' title="bbox 0 0 1276 4192; baseline 0 0"><span class='ocrx_word' id='word_1_273' title='bbox 0 0 1276 4192; x_wconf 95' lang='lat' dir='ltr'> </span> 
     </span>
    </p>
   </div>
  </div>
 </body>
</html>
