2542 4192
222 258 265 322 32
552 258 580 314 C.
601 258 769 313 SALLUSTI
787 257 900 314 CRISPI

221 426 324 487 neque
352 403 504 468 audaciae
526 425 681 487 umquam
705 425 834 488 eguere3
860 425 965 487 neque
988 404 1054 468 illis
1079 406 1234 489 superbia

224 491 389 573 obstabat,
418 513 481 574 quo
508 492 614 556 minus
643 492 748 556 aliena
770 492 932 575 instituta,
957 492 985 556 si
1007 493 1103 557 modo
1126 495 1233 577 proba

170 595 203 644 38
223 583 324 662 erant,
346 579 560 643 imitarentur.
598 602 688 643 arma
706 583 803 662 atque
822 581 888 643 tela
906 580 1062 643 militaria
1080 581 1120 643 ab
1141 579 1233 646 Sam-

222 668 359 750 nitibus,
391 667 533 752 insignia
569 667 822 752 magistratuum
854 668 894 731 ab
926 668 1039 733 Tuscis
1076 668 1231 753 pleraque

224 758 439 838 sumpserunt.
484 759 651 838 postremo
679 756 764 838 quod
791 755 911 838 ubique
934 756 1019 838 apud
1042 756 1147 821 socios
1173 762 1233 822 aut

223 844 329 908 hostis
356 843 507 907 idoneum
534 843 717 925 videbatur,
749 865 823 907 cum
850 866 976 908 summo
1006 844 1113 908 studio
1141 845 1232 910 domi

223 932 477 1014 exequebantur:
504 931 627 995 imitari
653 952 751 1013 quam
773 931 914 995 invidere
937 931 1031 995 bonis
1055 933 1232 998 malebant.

169 1036 203 1083 39
223 1019 280 1083 sed
303 1019 415 1083 eodem
441 1019 499 1083 illo
522 1023 669 1101 tempore
693 1017 846 1082 Graeciae
870 1041 993 1083 morem
1016 1019 1139 1083 imitati
1161 1043 1232 1085 ver-

222 1107 354 1171 beribus
374 1108 677 1171 animadvortebant
694 1106 730 1169 in
748 1106 837 1189 civis,
856 1108 894 1170 de
910 1107 1130 1172 condemnatis
1146 1130 1233 1173 sum-

169 1209 203 1258 4ο
223 1217 312 1260 mum
344 1195 538 1278 supplicium
570 1195 748 1258 sumebant.
801 1199 976 1278 postquam
1011 1216 1063 1259 res
1098 1197 1233 1279 publica

224 1284 364 1347 adolevit
392 1286 425 1346 et
448 1283 656 1347 multitudine
680 1282 799 1346 civium
821 1282 980 1346 factiones
1003 1283 1145 1367 valuere,
1171 1285 1233 1349 cir·

224 1370 400 1435 cumveniri
422 1371 620 1453 innocentes,
643 1369 708 1434 alia
729 1369 864 1434 huiusce
887 1370 975 1434 modi
997 1371 1069 1434 fieri
1087 1393 1232 1457 coepere,

223 1463 295 1522 tum
321 1458 373 1523 lex
397 1457 515 1524 Porcia
542 1459 686 1542 aliaeque
713 1458 803 1543 leges
829 1462 962 1541 paratae
991 1463 1080 1542 sunt,
1112 1460 1232 1543 quibus

169 1563 202 1610 41
221 1547 350 1632 legibus
377 1547 509 1611 exilium
537 1547 698 1610 damnatis
725 1545 920 1629 permissum
948 1550 1006 1610 est.
1053 1547 1138 1612 hanc
1168 1569 1232 1632 ego

223 1658 362 1718 causam,
380 1639 490 1718 patres
510 1634 694 1717 conscripti,
713 1656 776 1717 quo
796 1634 902 1698 minus
920 1656 1039 1698 novom
1058 1635 1232 1700 consilium

171 1739 203 1785 42
223 1723 401 1805 capiamus,
428 1723 464 1786 in
489 1722 603 1804 primis
631 1743 784 1805 magnam
811 1726 900 1804 puto.
948 1721 1095 1805 profecto
1124 1724 1231 1788 virtus

223 1815 320 1892 atque
345 1809 504 1892 sapientia
527 1810 631 1873 maior
653 1809 718 1872 illis
741 1809 814 1891 fuit,
840 1809 896 1892 qui
919 1831 958 1871 ex
980 1809 1088 1892 parvis
1112 1811 1230 1895 opibus

223 1901 352 1961 tantum
374 1897 546 1980 imperium
567 1897 680 1980 fecere,
704 1918 802 1979 quam
823 1897 859 1960 in
881 1897 986 1981 nobis,
1009 1897 1065 1980 qui
1088 1920 1125 1962 ea
1147 1899 1231 1964 bene

103 2051 106 2058 ,
222 1989 318 2069 parta
340 1984 395 2048 vix
417 1985 603 2049 retinemus.

170 2089 203 2138 43
289 2073 402 2137 Placet
424 2073 526 2158 igitur
549 2096 604 2138 cos
624 2073 747 2137 dimitti
766 2077 799 2137 et
818 2072 930 2157 augeri
949 2072 1125 2137 exercitum
1144 2072 1233 2139 Gati-

223 2163 332 2227 linae‘?
368 2161 519 2226 minume.
566 2163 621 2226 sed
649 2161 697 2225 ita
725 2183 852 2243 censeo,
879 2160 1089 2243 publicandas
1118 2182 1232 2225 eorum

222 2251 389 2335 pecunias,
416 2250 506 2333 ipsos
534 2251 570 2314 in
596 2249 733 2314 vinculis
761 2248 927 2313 habendos
956 2270 1016 2331 per
1046 2248 1231 2332 municipia,

224 2361 305 2422 quae
332 2359 481 2400 maxume
510 2338 625 2420 opibus
648 2338 770 2401 valent:
799 2359 863 2400 neu
886 2336 959 2419 quis
983 2336 1021 2399 de
1045 2337 1091 2399 eis
1115 2341 1233 2420 postea

224 2427 264 2489 ad
288 2429 436 2488 senatum
459 2423 579 2487 referat
600 2447 680 2488 neve
704 2446 778 2487 cum
799 2424 920 2508 populo
944 2428 1036 2508 agat,
1059 2424 1115 2507 qui
1134 2425 1232 2489 aliter

223 2512 345 2595 fecerit,
369 2516 518 2576 senatum
540 2513 735 2576 existumare
755 2534 828 2575 eum
847 2515 960 2576 contra
978 2512 1231 2596 rempublicam

225 2605 258 2665 et
282 2601 421 2664 salutem
445 2600 588 2665 omnium
611 2599 794 2665 facturum?

170 2688 214 2752 52
289 2689 469 2772 Postquam
492 2687 611 2754 Caesar
634 2688 763 2753 dicundi
785 2689 883 2751 finem
900 2687 988 2771 fecit,
1011 2689 1112 2752 ceteri
1129 2690 1230 2754 verbo

224 2779 306 2843 alius
334 2778 390 2841 alii
419 2777 507 2842 varie
535 2777 808 2842 adsentiebantur.
861 2780 895 2839 at
922 2775 965 2839 M.
989 2775 1123 2840 Porcius
1147 2775 1231 2842 Cato

224 2870 357 2950 rogatus
381 2865 576 2929 sententiam
597 2866 731 2929 huiusce
754 2863 842 2929 modi
866 2864 1046 2928 orationem
1069 2864 1198 2928 habuit:

189 2969 204 3015 a
291 2951 414 3036 ‘Longe
437 2952 518 3015 mihi
541 2953 606 3016 alia
629 2974 719 3016 mens
738 2956 798 3035 est,
819 2956 929 3035 patres
949 2952 1134 3036 conscripti,
1156 2975 1231 3018 cum

225 3063 275 3104 res
299 3043 396 3122 atque
414 3039 558 3122 pericula
575 3045 689 3104 nostra
708 3040 884 3123 considero,
908 3043 941 3102 et
960 3062 1033 3104 cum
1052 3040 1230 3104 sententias

189 3145 205 3192 3
224 3150 290 3193 non
307 3127 471 3191 nullorum
489 3127 559 3210 ipse
578 3149 704 3193 mecum
717 3131 842 3211 reputo.
878 3127 928 3190 illi
942 3127 1023 3191 mihi
1039 3127 1230 3192 disseruisse

224 3215 374 3281 videntur
396 3215 435 3280 de
457 3237 562 3300 poena
580 3237 700 3299 eorum,
724 3216 780 3299 qui
797 3215 923 3299 patriae
941 3216 1141 3299 parentibus,
1165 3215 1229 3279 aris

225 3309 322 3388 atque
349 3304 431 3369 focis
462 3304 529 3368 suis
556 3304 678 3368 bellum
704 3325 871 3387 paravere,
902 3325 954 3367 res
983 3306 1093 3367 autem
1119 3307 1231 3368 monet

226 3416 336 3457 cavere
364 3394 405 3458 ab
429 3393 495 3457 illis
523 3392 628 3477 magis
651 3413 757 3474 quam,
780 3391 856 3475 quid
883 3391 919 3454 in
941 3391 1015 3454 illos
1039 3395 1231 3474 statuamus,

189 3497 205 3542 4
225 3482 416 3546 consultare.
461 3503 537 3545 nam
561 3485 668 3545 cetera
688 3479 841 3544 malificia
858 3483 930 3542 tum
948 3500 1151 3564 persequare,
1174 3479 1232 3542 ubi

226 3568 312 3632 facta
335 3573 424 3653 sunt3
445 3569 508 3634 hoc
530 3569 594 3632 nisi
617 3567 795 3652 provideris
818 3589 859 3632 ne
882 3567 1016 3650 accidat,
1038 3568 1097 3633 ubi
1115 3567 1233 3650 evenit,
