2542 4192
188 232 231 297 58
516 231 544 286 0.
567 229 737 286 SALLUSI'I
756 229 871 286 CRlSPI

189 398 325 460 rumque
347 376 454 441 noctis
478 375 651 460 prooessit,
679 377 816 440 obscuro
845 375 945 440 etiam
974 379 1047 440 tum
1075 376 1202 441 lumine

189 464 310 529 milites
324 463 513 549 Iugurthini
536 464 630 549 signo
649 464 726 528 dato
746 467 854 528 castra
866 463 1013 527 hostium
1031 464 1201 549 invadunt,

189 552 402 616 semisomnos
434 553 556 635 partim
588 551 669 616 alios
694 573 784 615 arma
806 551 964 615 sumentis
988 550 1105 636 fugant
1128 551 1201 616 fun-

187 640 341 723 duntque.
372 639 540 704 Adherbal
563 661 636 704 cum
659 640 770 722 paucis
794 638 958 722 equitibus
978 637 1103 703 Cirtam
1126 661 1201 723 pro·

188 727 283 812 fugit,
306 731 339 791 et
360 727 396 792 ni
419 727 594 792 multitudo
618 718 807 812 togatorum
829 727 955 810 fuisset,
978 748 1060 809 quae
1084 726 1200 791 Numi·

188 815 245 879 das
277 815 478 899 insequentis
510 815 679 880 moenibus
712 814 895 898 prohibuit,
932 835 996 878 uno
1029 814 1080 878 die
1111 815 1201 879 inter

189 903 270 968 duos
306 924 399 988 reges
437 907 588 987 coeptum
621 906 719 986 atque
750 906 808 986 pat
809 905 860 966 rat
861 923 917 964 um
948 902 1071 965 bellum
1102 901 1199 968 foret.

47 1006 50 1012 ’
153 991 292 1076 sigitur
314 990 431 1077 Iugurt
417 992 475 1056 tha
498 991 652 1090 oppidum
675 990 891 1073 circumsedit,
913 989 1016 1053 vineis
1040 991 1200 1054 turribus-

100 1156 101 1161 ,
189 1101 251 1162 que
280 1083 313 1143 et
340 1079 498 1144 machinis
528 1078 672 1142 omnium
700 1098 855 1162 generum
877 1097 1061 1162 expugnare
1084 1098 1200 1163 aggre-

189 1168 286 1252 ditur,
304 1189 452 1231 maxume
471 1167 545 1231 fest
536 1187 628 1230 mans
648 1169 776 1248 tempus
795 1166 979 1250 legatorum
998 1169 1200 1250 antecapere,

190 1277 271 1339 quos
295 1259 370 1319 ante
392 1254 553 1339 proelium
567 1255 634 1318 fact
620 1258 691 1318 tum
709 1254 749 1317 ab
765 1251 950 1317 Adherbale
964 1252 1103 1317 Romam
1123 1253 1200 1318 mis·

189 1364 243 1406 sos
267 1344 441 1407 audiverat.

153 1447 171 1494 4
257 1428 319 1495 Sed
337 1434 512 1515 postquam
531 1434 623 1495 senat
624 1451 662 1495 us
609 1429 721 1494 tde
739 1430 826 1494 bello
845 1451 957 1494 eorum
976 1429 1111 1514 accepit,
1129 1434 1198 1494 tres

190 1519 409 1583 adulescentes
437 1519 472 1583 in
498 1518 645 1583 Africam
673 1519 837 1603 legantur,
870 1518 926 1600 qui
958 1518 1070 1582 ambos
1104 1539 1199 1603 reges

190 1607 319 1690 adeant,
358 1611 489 1672 senatus
521 1607 697 1691 populique
730 1605 870 1669 Romani
903 1605 1011 1670 verbis
1044 1606 1200 1670 nuntient

188 1695 271 1758 velle
298 1698 332 1757 et
360 1716 488 1758 censere
516 1717 571 1759 eos
601 1694 641 1757 ab
670 1693 769 1756 armis
797 1692 972 1777 discedere,
1005 1693 1044 1757 de
1071 1697 1199 1758 contro-

188 1781 305 1845 vorsiis
329 1782 397 1844 suis
419 1782 489 1845 11116
511 1782 622 1864 potius
646 1802 744 1863 quam
762 1781 848 1844 bello
868 1780 1061 1864 disceptare:
1084 1781 1134 1845 116
1152 1803 1199 1845 se-

136 1871 179 1934 22
191 1890 252 1952 que
279 1868 410 1952 illisque
440 1869 575 1954 dignum
604 1890 682 1933 esse.
727 1868 830 1953 legati
859 1869 895 1932 in
921 1868 1067 1933 Africam
1095 1872 1199 1933 matu-

189 1960 299 2021 rantes
323 1957 467 2039 veniunt,
490 1978 527 2021 eo
547 1957 652 2042 magis
677 1956 763 2040 quod
780 1955 912 2039 Romae,
935 1957 1012 2020 dum
1034 1955 1197 2039 proficisci

188 2048 314 2129 parant,
337 2044 375 2109 de
398 2045 521 2129 proelio
544 2044 632 2110 facto
651 2049 685 2108 et
704 2044 945 2128 oppugnatione
964 2042 1074 2108 Cirtae
1093 2045 1197 2108 audie⁴

154 2134 300 2218 61161111,
323 2134 429 2198 sedis
453 2155 564 2198 rumor
587 2133 727 2199 clemens
752 2137 829 2196 erat.
876 2153 1015 2215 quorum
1036 2131 1197 2216 Iugurtha

189 2225 322 2306 accepta
341 2223 487 2287 oratione
510 2221 677 2304 respondit
701 2220 764 2284 sibi
781 2242 885 2303 neque
900 2220 1005 2283 maius
1023 2220 1198 2303 quicquam

187 2332 292 2393 neque
316 2310 420 2373 carius
445 2310 639 2372 auctoritate
659 2312 790 2372 senatus
810 2329 888 2372 6666.
917 2308 959 2373 ab
978 2308 1165 2373 adulescent
1166 2309 1206 2372 ia·

188 2397 236 2460 ita
259 2418 293 2461 se
317 2396 451 2477 enisum,
473 2399 511 2459 ut
535 2397 574 2459 ab
597 2399 731 2478 optumo
755 2418 883 2479 quoque
906 2397 1060 2479 probaret
1061 2418 1113 2480 ur,
1135 2397 1197 2460 111-

188 2487 273 2566 11116,
294 2504 361 2547 non
384 2446 568 2547 malitiaP.
593 2481 746 2566 Scipioni,
769 2505 896 2548 summo
919 2484 999 2568 viro,
1021 2484 1198 2568 placuisse,

189 2572 231 2636 ob
255 2571 384 2636 easdem
407 2571 487 2635 artis
511 2569 690 2654 aMicipsa,
717 2592 783 2635 non
805 2572 941 2655 penuria
962 2573 1172 2637 liberorum
1162 2595 1198 2636 m

152 2676 169 2723 3
188 2680 326 2744 regnum
344 2659 536 2743 adoptatum
554 2680 634 2724 esse.
665 2661 818 2743 ceterum,
842 2681 906 2743 quo
929 2660 1024 2743 plura
1046 2661 1127 2724 bene
1151 2664 1197 2724 at

166 2770 251 2831 que
275 2752 405 2812 strenue
423 2747 563 2831 fecisset,
540 2751 624 2812 166
644 2748 788 2812 animum
806 2770 900 2812 suum
918 2747 1071 2812 iniuriam
1088 2748 1196 2812 minus

152 2850 171 2898 4
189 2837 336 2900 tolerare
368 2799 588 2900 Adherbalein
602 2836 686 2899 dolis
700 2836 787 2900 vitae
802 2857 879 2900 suae
893 2835 1096 2919 insidiatum,
1111 2836 1197 2918 quod

188 2924 245 2987 ubi
274 2923 486 3007 conperisset,
519 2923 633 2987 sceleri
662 2923 731 2987 eius
760 2923 930 2988 obviam
921 2945 994 2987 1666.
1040 2923 1197 3006 populum

189 3010 373 3074 Romanum
399 3032 502 3094 neque
530 3014 618 3074 recte
646 3032 750 3095 neque
772 3032 832 3094 pro
855 3011 942 3075 bono
965 3010 1145 3095 facturum,
1168 3011 1197 3074 si

189 3099 230 3162 ab
252 3098 322 3163 iure
349 3098 594 3182 gentium'sese
621 3099 834 3182 prohibuerit.
878 3102 1044 3183 postremo
1068 3099 1107 3163 de
1131 3121 1197 3163 om-

153 3187 284 3251 onibus
320 3187 417 3250 rebus
453 3186 581 3271 legatos
618 3185 757 3251 Romam
792 3187 883 3250 brevi
919 3186 1103 3250 missurum.
1148 3187 1198 3250 ita

187 3275 318 3357 utrique
354 3274 587 3359 digrediuntur.
646 3273 841 3338 Adherbalis
883 3274 1066 3358 appellandi
1103 3275 1198 3358 copia
1236 3314 1245 3327 ι

187 3362 347 3427 nonfuit.

135 3450 178 3514 23
255 3449 415 3536 Iugurtha
442 3450 499 3515 ubi
527 3471 581 3514 eos
604 3449 717 3514 Africa
744 3450 919 3515 decessisse
947 3455 1038 3515 ratus
1066 3455 1118 3515 est
1144 3473 1198 3516 116

101 3618 104 3622 ,
189 3558 251 3620 que
281 3542 417 3621 propter
448 3538 513 3603 loci
544 3541 695 3602 naturam
723 3536 849 3602 Cirtam
880 3539 979 3602 armis
1011 3559 1197 3626 expugnare

68 3870 155 3970 ἱ
