2542 4192
156 269 221 334 136
486 269 514 325 C.
535 269 707 324 SALLUSTI
726 269 840 324 CRISPI

1104 372 1119 394 .

156 413 401 478 subvenientem
414 413 615 478 Antiochum
639 412 845 479 concessione
862 413 960 480 Asiae
979 437 1038 500 per
1057 415 1169 480 dolum

155 506 318 585 avortere,
341 523 378 566 ac
401 523 477 566 mox
499 501 604 566 fracto
570 501 869 586 ttPhilippo
800 502 869 567 Ant
870 504 983 568 iochus
1008 504 1098 569 omni
1123 505 1169 569 cis

155 590 298 654 Taurum
322 610 401 674 agro
430 594 463 653 et
486 590 596 654 decem
618 589 751 654 milibus
778 590 882 656 talent
868 596 978 656 torum
1006 592 1169 675 spoliatus

119 681 214 744 vest.
258 677 382 743 Persen
412 677 539 762 deinde,
570 677 716 762 Philippi
747 678 865 763 filium,
896 684 974 763 post
1001 681 1108 743 multa
1136 685 1170 744 et

155 766 246 830 varia
269 767 446 830 certamina
469 766 555 851 apud
578 760 808 832 Samothracas
837 731 912 831 deos
941 768 1145 850 acceptum
1135 790 1170 832 m

154 854 252 917 fidem
275 854 384 918 callidi
407 858 441 918 et
463 857 646 956 repertores
668 855 831 939 perfidiae,
854 854 930 938 quia
948 859 1045 956 pacto
1065 855 1174 931 vitam

119 957 136 1006 8
156 941 351 1027 dederant
342 942 512 1006 msomniis
537 941 689 1007 occidere.
730 941 918 1026 Eumenem,
942 943 1033 1007 cuius
1058 943 1168 1008 amici-

155 1029 237 1094 tiam
273 994 414 1115 gloriose
450 1033 631 1112 ostentant,
667 1029 762 1095 initio
797 1029 967 1113 prodidere
1000 1030 1167 1096 Antiocho

154 1118 245 1201 pacis
264 1119 457 1203 mercedem,
479 1121 564 1202 post,
582 1081 676 1181 habit
662 1122 733 1181 tum
753 1121 825 1182 cust
811 1118 918 1182 todiae
940 1118 1012 1203 agri
1036 1119 1168 1202 captivi,

155 1206 340 1290 sumptibus
364 1209 397 1270 et
421 1205 625 1269 contumeliis
649 1227 688 1268 ex
710 1226 786 1290 rege
810 1206 1039 1270 miserrumum
1062 1229 1168 1271 servo·

153 1316 229 1357 rum
247 1293 388 1378 effecere,
407 1293 626 1376 simulatoque
643 1292 733 1376 inpio
753 1297 951 1358 testamento
969 1294 1075 1358 filium
1097 1293 1168 1358 eius

154 1380 388 1465 Aristonicum,
412 1381 488 1465 quia
510 1382 654 1464 patrium
672 1402 809 1466 regnum
827 1381 997 1466 petiverat,
1019 1382 1167 1446 hostium

154 1491 246 1534 more
277 1491 335 1552 per
366 1469 568 1553 triumphum
596 1469 727 1553 duxere,
758 1469 840 1534 Asia
862 1469 903 1533 ab
927 1469 1007 1553 ipsis
1031 1471 1168 1534 obsessa

118 1572 135 1620 9
155 1561 214 1622 est.
245 1561 412 1641 postremo
435 1556 626 1640 Bithyniam
649 1556 826 1622 Nicomede
845 1561 975 1622 mortuo
995 1557 1167 1641 diripuere,

74 1711 76 1716 ,
155 1668 229 1711 cum
250 1645 337 1710 filius
361 1645 461 1730 Nysa,
485 1667 583 1728 quam
605 1645 751 1730 reginam
775 1645 1010 1729 appellaverat,
1033 1645 1167 1729 genitus

153 1733 241 1797 haud
265 1733 360 1797 dubie
384 1737 479 1797 esset.

102 1834 136 1884 10
221 1819 307 1884 Nam
340 1820 417 1902 quid
449 1840 510 1904 ego
542 1841 594 1883 me
622 1820 805 1904 appellem?
843 1842 952 1904 quem,
984 1820 1167 1885 diiunctum

153 1907 295 1990 undique
318 1906 428 1992 regnis
452 1911 485 1971 et
508 1907 693 1972 tetrarchiis
718 1908 758 1971 ab
782 1907 919 1991 imperio
943 1929 1065 1991 eorum,
1089 1909 1167 1993 quia

153 1995 243 2060 fama
265 2000 335 2060 erat
358 1995 492 2059 divitem
514 2017 618 2079 neque
650 1996 847 2060 serviturum
870 2016 953 2079 esse,
987 2017 1045 2078 per
1069 1995 1168 2062 Nico·

153 2085 281 2148 medem
303 2084 390 2148 bello
412 2083 655 2168 lacessivenmt,
678 2084 808 2150 sceleris
832 2105 944 2148 eorum
966 2083 1055 2147 haud
1075 2084 1168 2169 igna-

153 2176 284 2236 rum-et
308 2194 358 2256 ea,
386 2193 468 2255 quae
499 2172 656 2256 accidere,
684 2175 842 2236 testatum
870 2175 966 2235 antea
989 2169 1168 2256 Cretensis,

155 2261 242 2325 solos
266 2260 411 2324 omnium
433 2259 554 2324 liberos
578 2282 616 2324 ea
636 2263 842 2361 tempestate,
868 2262 902 2323 et
923 2280 1034 2343 regem
1057 2258 1167 2324 Ptole-

102 2362 135 2410 11
154 2370 292 2412 maeum.
325 2351 422 2430 aque
446 2368 506 2432 ego
507 2346 576 2412 ult
562 2350 615 2411 tus
633 2347 768 2411 iniurias
783 2347 993 2412 Nicomedem
1007 2345 1169 2431 Bithynia

155 2435 264 2518 expuli
286 2433 477 2518 Asiamque,
510 2434 651 2518 spolium
682 2436 769 2521 regis
801 2433 971 2518 Antiochi,
1000 2435 1109 2519 recepi
1133 2440 1168 2500 et

103 2536 136 2584 11
156 2520 311 2586 Graeciae
335 2521 461 2606 dempsi
479 2542 577 2606 grave
596 2522 773 2587 servitium.
800 2523 930 2607 incepta
950 2544 1023 2586 mea
1040 2527 1167 2606 postre-

154 2632 227 2674 mus
259 2631 425 2674 servorum
451 2608 631 2676 Archelaus
663 2611 806 2675 exercitu
833 2610 963 2694 prodito
997 2611 1168 2693 inpedivit.

155 2699 278 2784 illique,
301 2720 382 2782 quos
405 2697 537 2784 ignavia
560 2702 617 2762 aut
639 2721 739 2782 prava
762 2698 933 2781 calliditas,
955 2701 993 2761 ut
1016 2698 1097 2762 meis
1122 2700 1168 2764 la·

155 2788 289 2852 boribus
309 2787 375 2852 tuti
394 2791 512 2870 essent,
531 2787 630 2851 armis
649 2786 817 2870 abstinuit,
836 2785 1072 2850 acerbissumas
1091 2809 1168 2870 poe

152 2897 213 2940 nas
242 2876 386 2959 solvimt,
417 2874 625 2940 Ptolemaeus
652 2873 758 2959 pretio
786 2874 821 2936 in
848 2874 916 2937 dies
946 2873 1070 2938 bellum
1092 2896 1168 2958 pro·

154 2964 276 3046 latans,
307 2962 478 3028 Cretenses
505 2962 678 3047 inpugnati
710 2961 810 3025 semel
841 2960 908 3026 iam
934 2983 1038 3045 neque
1066 2962 1167 3026 finem

103 3066 136 3114 13
154 3051 220 3114 nisi
243 3050 367 3114 excidio
390 3049 545 3113 habituri.
578 3050 727 3134 equidem
750 3071 824 3114 cum
847 3049 929 3113 mihi
952 3049 994 3114 ob
1018 3050 1167 3133 ipsorum

155 3138 284 3202 interna
306 3137 393 3201 mala
416 3137 517 3201 dilata
539 3138 663 3221 proelia
685 3138 790 3222 magis
810 3159 907 3221 quam
925 3159 1040 3221 pacem
1055 3138 1168 3202 datam

154 3226 393 3311 intellegerem,
424 3226 585 3290 abnuente
607 3225 762 3310 Tigrane,
794 3225 850 3309 qui
877 3247 949 3289 mea
976 3225 1064 3289 dicta
1093 3247 1168 3290 sero

154 3316 285 3398 probat,
322 3318 355 3378 te
388 3319 514 3379 remoto
546 3314 673 3399 procul,
710 3314 861 3378 omnibus
898 3313 970 3377 aliis
1007 3314 1169 3398 obnoxiis

154 3425 266 3468 rursus
291 3406 401 3467 tamen
423 3402 546 3467 bellum
570 3402 670 3486 coepi,
691 3400 903 3485 Marcumque
927 3399 1074 3484 Cottam,
1102 3400 1168 3466 Ro-

153 3514 286 3555 manum
309 3493 431 3575 ducem,
455 3491 540 3574 apud
555 3489 759 3555 Calchedona
777 3493 865 3553 terra
883 3488 962 3573 fudi,
985 3489 1069 3552 mari
1092 3491 1168 3554 exui

101 3579 256 3644 uolasse
279 3580 517 3663 pulcherruma.
554 3579 639 3662 apud
663 3577 816 3662 Cyzicum
839 3597 958 3663 magno
983 3599 1056 3641 cum
1079 3599 1168 3642 exer-
