2542 4192
296 277 443 333 BELLUM
460 278 719 336 IUGURTHINUM
737 297 760 336 c.
780 287 928 338 iro-114.
1050 283 1112 347 121

106 427 180 487 tum
202 421 272 487 fore
298 422 350 487 uti
376 423 468 487 iussu
495 426 626 487 senatus
655 427 712 488 aut
737 425 850 509 populi
877 425 990 491 foedus
1012 427 1114 512 fieret,

106 531 212 595 neque
230 510 396 575 hominem
413 511 566 595 nobilem,
587 533 655 575 non
678 533 736 576 sua
753 513 884 598 ignavia
907 515 963 579 sed
984 515 1114 580 obrem

106 598 272 682 publicam
304 598 339 662 in
366 598 513 664 hostium
541 603 719 684 potestate,
755 600 921 666 relictum·
935 602 984 666 iri.
1032 603 1113 669 haec
1128 607 1201 672 113.

107 685 242 750 Maurus
267 707 376 751 secum
398 686 468 770 ipse
492 687 548 751 diu
569 687 702 751 volvens
726 689 858 752 tandem
879 691 1045 776 promisit3
1065 713 1113 756 ce-

108 778 216 839 terum
235 774 309 838 dolo
329 796 371 839 an
388 796 463 839 vere
482 777 663 859 cunctatus,
681 797 796 858 parum
815 778 1028 861 conperimus.
1056 781 1112 844 sed

105 862 298 946 plerumque
325 862 433 947 regiae
459 862 644 927 voluntates
675 867 714 926 ut
739 864 945 930 vehementes
973 867 1020 932 sic
1047 888 1113 932 mo·

107 950 205 1034 biles,
235 971 331 1033 saepe
357 950 448 1034 ipsae
475 949 539 1014 sibi
561 950 724 1015 advorsae.
768 956 884 1036 postea
910 957 1056 1038 tempore
1079 960 1147 1022 eta

106 1038 180 1103 loco
205 1037 394 1122 constituto,
416 1038 452 1101 in
474 1037 682 1122 conloquium
704 1039 755 1103 uti
777 1040 815 1104 de
837 1062 916 1124 pace
939 1041 1113 1128 veniretur,

106 1125 257 1191 Bocchus
287 1123 412 1190 Sullam
439 1126 534 1190 modo
567 1126 663 1191 modo
686 1124 864 1212 Iugurthae
891 1128 1038 1214 legatum
1060 1152 1113 1215 ap-

106 1214 237 1298 pellare,
260 1214 399 1298 benigne
421 1213 550 1298 habere,
572 1214 659 1278 idem
682 1216 840 1280 ambobus
862 1217 1017 1300 polliceri.
1062 1218 1110 1282 illi

106 1302 231 1387 pariter
252 1301 333 1365 laeti
355 1323 393 1366 ac
415 1301 484 1385 spei
507 1302 611 1366 bonae
633 1302 721 1385 pleni
744 1325 822 1368 esse.

176 1387 240 1454 Sed
256 1393 352 1454 nocto
371 1411 417 1472 ea,
440 1410 521 1473 quae
543 1411 702 1473 proxuma
723 1389 787 1454 fuit
810 1396 885 1456 ante
903 1393 989 1458 diem
1007 1393 1113 1459 conlo
1131 1411 1147 1460 3

107 1478 185 1561 quio
200 1477 374 1562 decretum,
387 1476 521 1540 Maurus
535 1477 691 1542 adhibitis
706 1479 818 1543 amieis
833 1481 997 1545 aestatim
1010 1482 1112 1546 inmu-

109 1569 180 1630 tata
189 1566 357 1630 voluntate
370 1565 506 1629 remotis
516 1565 633 1630 ceteris
642 1565 760 1630 dicitur
774 1588 884 1631 secum
892 1568 962 1651 ipse
972 1570 1112 1634 multum

107 1653 293 1738 agitavisse,
311 1653 403 1718 voltu
423 1653 595 1736 [corporis]
614 1654 737 1737 pariter
751 1658 848 1738 atque
863 1656 971 1720 animo
990 1657 1112 1742 varius3

108 1763 191 1825 quae
215 1741 340 1805 scilieet
362 1745 491 1806 tacente
513 1741 585 1824 ipso
607 1742 735 1806 occulta
752 1744 894 1826 pectoris
911 1743 1111 1828 patefecisse.

106 1834 219 1894 tamen
240 1832 406 1913 postremo
422 1826 546 1893 Sullam
569 1830 691 1894 accersi
712 1830 804 1895 iubet
827 1834 860 1895 ct
878 1852 918 1896 ex
935 1831 1023 1896 illius
1042 1854 1111 1898 sen·
1130 1851 1147 1899 4

107 1917 212 1982 tentia
234 1915 394 1981 Numidae
417 1915 551 1981 insidias
574 1918 687 1983 tendit.
732 1918 858 2003 deinde,
885 1920 942 1985 ubi
969 1920 1037 1985 dies
1060 1922 1146 1988 ado

109 2006 197 2079 venit
220 2009 253 2069 et
276 2004 306 2070 ei
323 2005 511 2069 nuntiatum
534 2009 585 2069 est
605 2003 799 2090 Iugurtham
820 2006 907 2071 haud
926 2009 1039 2091 procul
1058 2010 1112 2074 ab·

107 2115 191 2178 esse,
224 2115 298 2158 oum
324 2093 435 2177 paucis
468 2091 581 2157 amicis
613 2096 646 2157 et
678 2097 849 2176 quaestore
875 2099 989 2161 nostro
1018 2097 1111 2179 quasi

107 2181 222 2247 obrius
244 2181 378 2245 honoris
399 2201 497 2246 cansa
513 2181 661 2263 procedit
677 2181 713 2244 in
730 2181 893 2248 tumulum
910 2181 1113 2249 facillumum

106 2270 180 2334 visu
202 2268 440 2334 insidiantibus.
477 2269 590 2332 eodem
612 2266 755 2333 Numida
778 2291 851 2334 cum
873 2269 1036 2354 plerisque
1058 2292 1146 2340 nea

107 2358 257 2423 cessariis
272 2357 339 2422 suis
353 2356 496 2440 inermis,
513 2356 564 2420 uti
582 2356 704 2420 dietum
723 2360 806 2440 erat,
829 2358 969 2443 adcedit‚
990 2381 1028 2424 ac
1048 2364 1112 2424 sta

107 2446 170 2509 tim
184 2445 277 2530 signo
292 2444 368 2509 dato
387 2444 529 2528 undique
548 2444 644 2508 simul
667 2466 707 2509 ex
723 2444 851 2511 insidiis
869 2446 1041 2513 invaditur.
1064 2469 1112 2513 ce
1131 2467 1146 2516 ‘1

106 2533 171 2598 teri
189 2532 385 2617 obtrrmcati
406 2530 568 2618 Iugurtha
586 2531 695 2597 Sullae
713 2533 841 2599 vinctus
860 2535 1001 2600 traditur
1019 2539 1052 2599 et
1071 2536 1112 2601 ab

106 2643 146 2686 eo
166 2621 206 2685 ad
228 2619 368 2684 Marium
391 2621 547 2685 deductus
570 2624 629 2684 est.

173 2709 236 2774 Per
249 2709 335 2773 idem
344 2712 473 2792 tempus
488 2708 660 2773 advorsum
670 2707 783 2774 Gallos
793 2710 834 2773 ab
844 2710 979 2775 ducibus
989 2711 1111 2775 nostris
1129 2715 1192 2781 114

108 2797 144 2875 Q.
154 2795 316 2881 Caepione
329 2800 364 2861 et
373 2793 430 2861 On
437 2794 560 2860 Manlio
575 2797 659 2860 male
668 2801 859 2882 pugnatum.
874 2819 937 2881 quo
947 2801 1038 2862 metu
1047 2796 1112 2864 Ita·
1130 2818 1146 2865 a

106 2885 152 2949 lia
170 2885 276 2950 omnis
295 2884 499 2950 contremuit.
530 2883 643 2968 illique
662 2889 695 2949 et
708 2885 781 2949 inde
795 2906 897 2968 usque
912 2886 952 2949 ad
964 2889 1112 2952 nostram

106 2973 297 3038 memoriam
311 2972 451 3037 Romani
469 2972 516 3037 sio
529 2972 680 3056 habuere,
699 2973 763 3036 alia
776 2973 886 3038 omnia
902 2974 1018 3039 virtuti
1034 2996 1111 3040 suae

105 3083 211 3145 prona
228 3082 307 3144 esse,
331 3081 404 3126 eum
423 3058 527 3125 Gallis
545 3082 604 3145 pro
624 3060 737 3146 salute,
758 3083 825 3126 non
842 3083 902 3146 pro
921 3062 1027 3148 gloria
1047 3084 1112 3127 cer-

106 3149 179 3213 tari.
208 3149 265 3213 scd
276 3152 453 3233 postquam
466 3148 588 3213 bellum
601 3149 636 3213 in
649 3148 805 3214 Numidia
818 3149 1002 3215 confectum
1016 3153 1050 3214 et
1060 3148 1111 3214 Iu·
1130 3171 1146 3218 3

106 3237 261 3322 gurtham
275 3235 414 3301 Romam
428 3236 573 3300 vinctum
587 3236 701 3301 adduci
713 3237 901 3301 nuntiatum
915 3241 974 3321 est,
987 3236 1111 3302 Marius

106 3325 219 3390 consul
238 3325 354 3390 absens
373 3323 481 3388 factus
500 3328 550 3388 est
569 3325 650 3388 etei
669 3324 798 3389 decreta
813 3324 980 3407 provincia
995 3323 1111 3410 Gallia,

104 3413 198 3497 isque
221 3411 367 3477 kalendis
395 3410 555 3476 Ianuariis
583 3432 702 3497 magna
728 3412 833 3498 gloria
860 3412 972 3476 consul
999 3411 1112 3478 trium·

104 3501 228 3585 pharit.
265 3504 298 3565 et
321 3521 359 3564 ea
382 3503 576 3584 tempestate
600 3520 673 3583 spes
697 3503 794 3582 atque
814 3520 891 3583 opes
910 3499 1054 3566 civitatis
1076 3501 1147 3567 inc

103 3589 162 3654 illo
186 3589 277 3655 sitae.
