2542 4192
103 290 168 362 XVI
378 289 427 343 DE
446 288 474 343 O.
496 286 688 342 SALLUSTIO
708 285 832 342 CRISPO

104 439 261 518 quippiam
283 456 387 497 eorum
408 438 520 496 falsum
543 437 666 514 est,‘bis
688 437 790 513 palum
812 437 926 513 refelle,
949 437 1037 514 uude,
1062 437 1115 515 qui

103 527 192 586 modo
214 545 252 584 ne
274 529 431 602 paternum
453 525 575 602 quidem
597 524 719 584 domum
736 524 882 583 redimere
899 525 1045 602 potueris,
1068 544 1115 584 re-

104 619 193 691 pente
211 617 367 691 tamquam
381 613 496 672 somnio
510 613 618 671 beatus
631 612 735 672 hortos
748 611 991 690 preciosissimo,
1009 613 1116 672 villam

104 705 136 761 io
159 701 279 761 Tiburti
300 699 332 761 (l.
355 698 505 777 Caesaris,
527 700 659 776 reliquus
681 700 883 777 possessiones
905 701 1068 776 paraveris.

170 823 242 884 Sall.
266 823 329 884 eat.
352 826 379 897 4,
404 825 431 882 1.
454 825 491 883 2.·

170 911 267 990 igitur
288 910 342 971 ubi
369 911 486 970 animus
515 929 551 969 ex
577 907 682 969 multis
705 909 834 969 miseriis
858 912 949 986 atque
972 910 1115 987 perieulis

104 999 255 1075 requievit
277 1001 309 1058 et
335 998 409 1057 mihi
431 998 580 1074 reliquam
606 1000 739 1056 aetatem
762 1016 781 1056 a
802 1016 835 1056 ro
865 997 987 1074 publiea
1007 1000 1116 1075 procul

104 1086 273 1146 habendam
297 1086 441 1147 decrevi.
457 1131 500 1163 ..‚
528 1105 547 1144 a
570 1104 629 1161 quo
656 1084 775 1161 incepto
798 1085 960 1162 studioque
982 1105 1029 1146 me
1052 1105 1115 1146 am·

104 1173 180 1234 bitio
203 1175 284 1233 mala
307 1168 491 1250 detinuerat,
520 1172 625 1232 eodem
646 1190 801 1251 regressus
825 1174 920 1233 statui
941 1191 989 1232 res
1012 1177 1115 1251 gestus

104 1263 211 1338 populi
224 1261 353 1322 Romani
371 1261 507 1338 carptim,
530 1263 567 1320 ut
590 1278 728 1339 quaeque
750 1261 896 1320 memoria
919 1261 1011 1338 digna
1032 1261 1115 1322 vide·

104 1350 224 1427 bantur,
246 1348 438 1425 perscribere,
462 1367 497 1408 eo
516 1348 614 1425 magis
633 1348 714 1424 quod
736 1348 811 1406 mibi
829 1367 848 1407 a
866 1366 919 1424 spo
940 1352 1025 1408 metu
1045 1367 1115 1426 par·

104 1436 186 1496 tibus
209 1436 417 1513 reipublicae
441 1436 558 1495 animus
582 1434 755 1494 liberarat.

168 1561 236 1619 ibid.
256 1560 292 1616 3:

170 1648 206 1707 do
225 1645 373 1706 Catilinae
391 1645 597 1705 coniuratione
618 1644 663 1720 [o.
679 1647 737 1705 691
752 1669 794 1693 =
809 1646 908 1703 63-
922 1648 984 1705 692
998 1670 1040 1693 =
1056 1644 1116 1721 62]

104 1753 195 1811 quam
217 1734 382 1795 verissume
405 1735 510 1809 potero
533 1733 638 1809 paucis
661 1731 828 1808 absolvam3
851 1752 921 1791 nam
943 1732 975 1791 id
997 1733 1115 1794 faoinus

60 1856 62 1861 ν
102 1821 134 1880 in
156 1821 261 1896 primis
284 1839 339 1897 ego
362 1820 555 1879 memorabile
574 1820 721 1879 existumo
740 1820 860 1879 sceleris
878 1819 970 1897 atque
987 1821 1114 1897 periculi

103 1909 247 1969 novitate.

168 2032 207 2090 td.
229 2031 296 2104 luy.
319 2028 348 2097 5,
371 2033 406 2086 1.-

169 2117 284 2177 bellum
311 2117 478 2193 scripturus
502 2134 581 2194 sum,
610 2115 690 2192 quod
715 2117 847 2193 populus
870 2117 1023 2176 Romanus
1046 2135 1117 2178 oum

102 2205 252 2283 Iugurtha
278 2224 349 2282 rege
371 2205 573 2264 Numidarum
596 2202 690 2281 gessit
712 2199 822 2282 [642l3
837 2229 878 2250 =
894 2198 983 2283 112l1
998 2233 1040 2246 -
1055 2205 1117 2267 656

102 2290 245 2370 =104]‚
267 2293 398 2369 primum
421 2292 494 2368 quia
511 2311 654 2368 magnum
674 2293 705 2350 et
723 2294 810 2351 atrox
828 2291 971 2369 variaque
988 2291 1117 2368 victoria

102 2380 170 2455 fuit,
189 2380 295 2438 dehine
314 2380 386 2457 quia
403 2381 476 2437 tuno
493 2380 625 2454 primum
641 2379 800 2454 superbiae
813 2379 981 2439 nobilitatis
995 2381 1117 2442 obviam

102 2467 180 2526 itum
203 2469 257 2526 est.

168 2591 207 2649 td.
230 2590 293 2648 bist.
313 2605 438 2662 prooem.
462 2605 509 2661 op.
532 2588 633 2661 Rusio.
650 2607 684 2662 p.
708 2589 770 2648 582
791 2589 907 2648 Helm:

169 2678 228 2736 Res
245 2676 351 2754 populi
365 2676 492 2735 Romani
505 2676 545 2734 M.
558 2675 672 2752 Lepido
688 2674 720 2745 Q.
736 2674 844 2736 Catulo
864 2694 937 2736 coss.
956 2696 991 2737 ao
1007 2677 1115 2738 deinde

102 2763 181 2842 [676
195 2791 237 2813 =
252 2768 292 2825 78
308 2794 345 2806 -
364 2767 423 2824 687
438 2789 480 2811 =
495 2761 552 2840 67]
578 2763 705 2836 militiae
733 2763 813 2823 domi
836 2767 937 2841 gestas
960 2767 1114 2843 conposui.

168 3111 243 3171 Soet.
267 3113 302 3171 de
321 3130 443 3186 qramm.
468 3117 493 3172 et
514 3113 584 3173 rhet.
607 3115 647 3172 10
664 3132 697 3187 p.
720 3114 781 3173 168
802 3114 904 3187 Retffi:

103 3199 297 3259 ..Asinius
320 3199 438 3260 Pollio
461 3199 493 3258 in
515 3200 606 3278 libro,
633 3219 692 3277 quo
717 3201 856 3261 Sallustii
878 3201 991 3279 scripta
1011 3221 1114 3279 repre·

102 3288 207 3375 bendit
225 3291 261 3347 ut
278 3287 372 3346 nimia
385 3287 552 3363 priscorum
568 3288 729 3348 verborum
747 3289 938 3349 affectatione
952 3289 1047 3349 oblita
1062 3337 1068 3350 .
1083 3336 1113 3352 ..

169 3410 242 3471 oete.
267 3392 402 3478 reor
426 3412 516 3470 traso
536 3410 642 3470 inscite
666 3411 703 3469 ae
727 3410 853 3471 Asinio
876 3412 1043 3471 Ponione
1065 3431 1114 3471 re-

101 3499 282 3575 prehensum
300 3497 479 3559 Sallustium
501 3498 534 3557 in
552 3499 681 3575 quadam
700 3499 838 3578 epistula,
862 3518 954 3576 quam
972 3500 1011 3559 sd
1023 3499 1115 3559 Plan-

102 3604 171 3646 cum
193 3587 320 3664 scripsit.
