2542 4192
312 253 458 309 BELLUM
477 254 672 311 CATILINAE
693 274 715 312 c.
736 263 812 314 5-9.
1045 262 1066 326 5

58 395 192 480 regibus
216 396 295 461 boni
319 420 416 481 quam
436 400 514 463 mali
534 402 749 485 suspectiores
769 406 853 485 sunt,
877 424 1067 488 semperque

59 485 107 548 eis
131 484 237 548 aliena
259 486 363 550 virtus
387 487 601 552 formidulosa
621 493 680 552 est.
726 490 781 554 sed
800 490 914 554 civitas
933 492 1067 557 incredi-
1085 510 1101 557 3

58 573 125 635 bile
157 578 339 638 memoratu
372 579 422 638 est
454 576 570 659 adepta
601 576 754 642 libertate
786 584 944 662 quantum
976 581 1067 645 brevi

59 661 212 724 creverit:
230 665 324 725 tanta
343 663 459 746 cupido
478 665 601 748 gloriae
619 665 804 731 incesserat.
840 668 906 731 iam
924 668 1066 751 primum
1085 685 1102 733 4

58 749 224 833 iuventus,
252 750 349 814 simul
377 772 414 814 ac
442 752 520 816 belli
546 753 674 835 patiens
702 757 785 838 erat,
812 755 847 818 in
870 756 986 819 castris
1008 779 1066 841 per

57 836 206 901 laborem
233 859 294 901 usu
322 838 474 903 militiam
502 840 659 925 discebat,
690 842 858 926 magisque
885 843 919 906 in
942 844 1066 908 decoris

59 925 159 988 armis
183 928 217 989 et
239 926 436 991 militaribus
460 929 551 1012 equis
571 950 668 1012 quam
686 930 721 993 in
740 930 858 993 scortis
876 935 974 1014 atque
994 954 1067 996 con·

58 1013 154 1076 viviis
186 1012 364 1078 lubidinem
395 1015 568 1080 habebant.
617 1017 719 1102 igitur
746 1017 868 1081 talibus
895 1019 974 1082 viris
1000 1037 1100 1085 nont

58 1100 152 1164 labor
174 1101 337 1186 insolitus
358 1125 425 1167 non
443 1104 534 1168 locus
555 1104 641 1168 ullus
660 1127 755 1188 asper
774 1110 831 1169 aut
850 1106 968 1170 arduus
987 1111 1066 1191 erat,

58 1211 125 1253 non
157 1194 302 1254 armatus
332 1190 440 1255 hostis
467 1191 712 1257 formidulosus:
744 1193 849 1257 virtus
878 1194 987 1258 omnia
1013 1195 1066 1259 do·

59 1281 194 1341 muerat.
245 1279 300 1342 sed
328 1279 449 1364 gloriae
473 1302 660 1344 maxumum
683 1285 846 1345 certamen
868 1283 954 1346 inter
976 1283 1065 1366 ipsos
1084 1301 1101 1349 a

59 1370 143 1429 erat:
167 1387 201 1430 se
222 1366 357 1450 quisque
376 1367 506 1430 hostem
524 1368 630 1451 ferire,
648 1391 777 1432 murum
795 1371 974 1455 ascendere,
993 1393 1066 1436 con·

59 1454 151 1537 spici,
174 1455 250 1518 dum
273 1455 339 1518 tale
363 1454 488 1519 facinus
512 1455 641 1538 faceret,
662 1457 868 1539 properabat.
913 1479 967 1522 eas
988 1459 1066 1522 divi·

58 1542 133 1625 tias,
155 1564 226 1605 eam
244 1543 363 1606 bonam
382 1542 503 1606 famam
521 1563 736 1628 magnamque
754 1543 962 1608 nobilitatem
975 1550 1066 1628 puta

57 1631 148 1693 bant.
193 1631 299 1694 laudis
324 1631 422 1713 avidi,
445 1632 600 1714 pecuniae
623 1631 774 1696 liberales
797 1635 904 1716 erant3
927 1632 1065 1717 gloriam

58 1719 233 1802 ingentem,
256 1718 387 1783 divitias
410 1719 564 1784 honestas
587 1719 748 1784 volebant.
794 1742 972 1785 memorare
993 1737 1099 1804 pos-⁷

59 1828 137 1890 sem,
156 1807 273 1890 quibus
292 1807 327 1870 in
345 1806 425 1871 locis
444 1829 611 1872 maxumas
629 1807 775 1872 hostium
794 1809 903 1892 copias
924 1809 1065 1894 populus

58 1894 225 1959 Romanus
248 1917 348 1977 parva
370 1917 468 1959 manu
489 1894 619 1980 fuderit,
642 1918 722 1980 quas
744 1896 836 1960 urbis
857 1899 975 1960 natura
996 1920 1065 1961 mu-

57 1983 146 2046 nitas
168 1983 343 2068 pugnando
367 1983 501 2069 ceperit,
528 1984 562 2047 ni
585 2006 696 2049 cares
719 1984 848 2068 longius
871 2006 931 2048 nos
955 1985 995 2048 ab
1020 1985 1066 2047 in·

58 2076 154 2155 cepto
177 2071 331 2135 traheret.

127 2157 189 2224 Sed
207 2160 354 2242 profecto
373 2157 505 2223 fortuna
522 2159 558 2222 in
576 2159 664 2224 omui
682 2180 717 2222 re
736 2157 934 2241 dominatur3
958 2179 996 2220 ea
1014 2179 1065 2222 res
1084 2160 1104 2224 8

59 2252 192 2313 cunctas
217 2270 255 2311 ex
277 2246 421 2311 lubidine
445 2246 550 2330 magis
574 2268 670 2330 quam
693 2267 732 2310 ex
755 2266 831 2309 vero
851 2245 994 2309 celebrat
1012 2246 1066 2310 ob-

59 2340 240 2419 scuratque.
264 2334 513 2400 Atheniensium
527 2356 578 2398 res
593 2338 713 2419 gestae,
728 2333 825 2398 sicuti
838 2354 898 2417 ego
909 2336 1065 2418 aestumo,
1084 2349 1100 2398 2

59 2425 140 2489 satis
160 2425 286 2508 amplae
305 2423 560 2508 magnificaeque
577 2422 675 2506 fuere,
693 2443 805 2487 verum
824 2421 992 2504 aliquanto
1009 2422 1066 2485 mi-

58 2535 154 2577 nores
178 2517 288 2577 tamen
308 2526 405 2595 quam
424 2512 512 2575 fama
529 2509 685 2575 feruntur.
722 2510 777 2575 sed
797 2509 873 2592 quia
890 2531 1065 2592 provenere
1084 2525 1100 2573 3

58 2601 105 2665 ibi
139 2601 335 2684 scriptorum
362 2620 481 2686 magna
507 2599 650 2684 ingenia,
681 2603 743 2681 per'
766 2601 927 2662 terrarum
955 2597 1066 2661 orbem

58 2689 309 2754 Atheniensium
340 2687 427 2752 facta
459 2710 518 2771 pro
554 2687 714 2751 maxumis
751 2684 964 2750 celebrantur.
1018 2685 1102 2747 ital

59 2799 173 2842 eorum
201 2777 254 2861 qui
284 2799 322 2841 ea
348 2774 452 2842 fecere
479 2776 583 2840 virtus
610 2778 703 2838 tanta
728 2772 882 2855 habetur,
903 2774 1067 2854 quantum

59 2888 98 2929 ea
120 2865 228 2929 verbis
250 2869 385 2948 potuere
410 2864 563 2930 extollere
586 2862 752 2948 praeclara
773 2860 914 2944 ingenia.
959 2862 993 2922 at
1011 2880 1066 2942 po·
1085 2873 1101 2922 5

57 2955 137 3038 pulo
164 2952 312 3018 Romano
340 2974 517 3037 numquam
545 2973 581 3015 ea
610 2951 704 3034 copia
726 2949 803 3034 fuit,
832 2948 909 3032 quia
930 2947 1067 3030 pruden-

59 3043 217 3106 tissumus
246 3042 381 3125 quisque
404 3062 553 3105 maxume
575 3040 765 3124 negotiosus
789 3041 872 3120 erat,
899 3035 1066 3120 ingenium

57 3152 153 3194 nemo
177 3130 246 3194 sine
270 3151 404 3217 corppre
428 3128 610 3210 exercebat,
634 3131 786 3210 optumus
806 3125 942 3209 quisque
960 3123 1066 3187 facere

59 3239 157 3300 quam
189 3217 303 3301 dicere,
336 3239 394 3280 sua
421 3216 462 3280 ab
491 3215 563 3278 aliis
590 3215 672 3279 bene
699 3213 787 3279 facta
813 3211 939 3276 laudari
969 3229 1067 3292 quam

56 3307 128 3388 ipse
152 3305 290 3370 aliorum
312 3326 444 3369 narrare
467 3304 617 3368 malebat.

125 3392 232 3477 Igitur
264 3393 352 3457 domi
384 3392 584 3476 militiaeque
614 3390 692 3455 boni
726 3409 832 3452 mores
865 3381 1106 3468 colebantur39

57 3481 230 3545 concordia
253 3502 413 3564 maxuma,
436 3480 580 3543 minuma
604 3477 741 3542 avaritia
759 3478 843 3559 erat3
865 3473 916 3538 ius
934 3471 1068 3535 bonum-

56 3590 119 3652 que
143 3570 229 3653 apud
247 3591 303 3634 eos
321 3591 387 3633 non
405 3568 532 3653 legibus
552 3567 657 3650 magis
676 3586 774 3648 quam
792 3567 911 3628 natura
929 3559 1068 3626 valebat.
