2542 4192
300 267 446 322 BELLUM
464 267 721 324 IUGUR'I'HINUM
739 286 761 323 c.
777 275 880 325 28-31
1055 271 1098 336 63

89 434 164 476 cum
186 411 300 476 Bestia
323 416 356 475 et
380 410 501 476 Scauro
525 416 650 477 secreta
672 413 836 498 transigit.
869 414 944 478 dein
965 419 1097 499 postero

88 500 140 563 die
171 499 264 582 quasi
295 522 353 582 per
381 503 526 574 saturam
557 501 727 565 sententiis
756 501 925 584 exquisitis
952 503 988 566 in
1014 503 1098 567 dedi-

89 587 213 651 tionem
244 587 409 670 accipitur.
460 588 528 672 sed,
560 588 610 652 uti
641 610 701 673 pro
734 586 869 654 consilio
901 590 1132 673 imperatumo

88 679 173 758 erat,
196 675 362 758 elephanti
384 675 535 760 triginta,
564 698 662 760 pecus
686 681 784 760 atque
807 677 882 761 equi
905 678 1001 743 multi
1023 701 1097 744 cum

87 784 188 846 parvo
208 763 336 847 argenti
349 764 490 847 pondere
505 765 670 848 quaestori
689 765 870 830 traduntur.
902 765 1095 849 Calpurnius
1116 783 1131 832 7

87 851 228 916 Romam
252 851 292 915 ad
310 851 523 936 magistratus
542 853 704 937 rogandos
722 853 948 937 proficiscitur.
977 854 1012 918 in
1030 853 1096 920 Nu-

87 940 188 1004 midia
210 943 244 1004 et
267 940 409 1004 exercitu
431 944 545 1005 nostro
567 963 631 1024 pax
655 941 851 1026 agitabatur.

154 1026 335 1110 Postquam
354 1050 405 1092 res
423 1027 459 1092 in
472 1028 585 1094 Africa
608 1033 718 1114 gestas
742 1030 984 1112 quoquomodo
1004 1034 1094 1094 actae
1105 1030 1149 1094 30

87 1115 204 1198 forent,
236 1115 324 1179 fama
350 1115 542 1200 divolgavit,
575 1115 698 1182 Romae
725 1139 784 1201 per
807 1118 912 1181 omnis
943 1118 1033 1182 locos
1062 1122 1095 1183 et

88 1207 264 1268 conventus
279 1203 317 1268 de
331 1202 419 1268 facto
434 1204 575 1269 consulis
590 1204 718 1290 agitari.
745 1204 831 1289 apud
844 1205 973 1288 plebem
986 1205 1095 1290 gravis

87 1291 217 1375 invidia,
239 1295 350 1375 patres
373 1291 508 1357 solliciti
526 1296 627 1357 erant.
658 1293 875 1376 probarentne
894 1297 1022 1358 tantum
1040 1294 1095 1356 fla-

88 1378 207 1463 gitium
224 1401 267 1443 an
283 1379 450 1444 decretum
467 1379 609 1445 consulis
628 1380 864 1465 subvortercnt,
886 1403 1002 1465 parum
1023 1402 1094 1445 con-

88 1467 212 1551 stabat3
235 1488 272 1532 ac
294 1489 443 1532 maxume
468 1489 523 1532 eos
546 1467 695 1550 potentia
718 1466 839 1551 Scauri,
862 1469 948 1551 quod
970 1470 999 1532 is
1023 1483 1128 1533 auc-a

87 1559 142 1619 tor
163 1559 197 1619 et
220 1555 326 1619 socius
345 1554 476 1619 Bestiae
499 1554 672 1639 ferebatur,
696 1578 716 1620 a
737 1576 813 1620 vero
835 1555 984 1639 bonoque
1007 1556 1094 1638 inpe

88 1643 206 1707 diebat.
252 1647 287 1706 at
309 1641 344 1708 O.
366 1642 554 1727 Memmius,
576 1643 667 1708 cuius
691 1643 729 1708 de
752 1642 904 1709 libertate
927 1643 1038 1728 ingeni
1061 1648 1094 1707 et
1112 1658 1128 1706 3

87 1730 161 1795 odio
184 1730 349 1814 potentiae
371 1731 555 1795 nobilitatis
579 1730 843 1815 supradiximus,
865 1731 952 1795 inter
969 1730 1094 1795 dubita-

87 1819 211 1883 tionem
233 1822 266 1883 et
288 1840 397 1883 moras
416 1823 547 1884 senatus
567 1819 772 1885 contionibus
791 1819 948 1902 populum
969 1819 1009 1883 ad
1027 1819 1093 1883 vin-

87 1906 259 1971 dicandum
280 1907 415 1991 hortari,
438 1928 577 1991 monere,
598 1929 639 1971 ne
662 1929 732 1972 rem
745 1907 917 1990 publicam,
939 1930 980 1971 ne
999 1907 1094 1971 liber·

87 1999 192 2059 tatem
214 2017 307 2059 suam
329 1995 521 2079 desererent,
544 1996 648 2059 multa
671 1994 809 2078 superba
833 1999 866 2058 et
884 1995 1026 2060 crudelia
1048 1994 1093 2058 fa-

88 2083 199 2147 cinora
228 2079 413 2148 nobilitatis
446 2083 627 2148 ostendere:
658 2103 791 2165 prorsus
828 2082 972 2145 intentus
1005 2082 1093 2145 omni

88 2170 184 2235 modo
206 2170 312 2254 plebis
335 2171 479 2234 animum
501 2169 702 2235 incendebat.

155 2256 218 2322 Sed
241 2259 394 2341 quoniam
416 2280 454 2322 ea
476 2261 670 2340 tempestate
688 2256 812 2321 Romae
829 2255 963 2320 Memmi
985 2255 1128 2321 iacun-4

88 2347 141 2411 dia
164 2346 251 2410 clara
272 2344 462 2430 pollensque
484 2344 561 2428 fuit,
584 2345 695 2410 decere
719 2344 912 2410 existumavi
933 2366 1032 2408 unam
1054 2367 1093 2409 ex
1182 2361 1184 2366 ’

88 2439 156 2498 tam
180 2434 292 2498 multis
307 2433 489 2498 orationem
507 2434 575 2497 eius
593 2433 801 2518 perscribere,
820 2455 857 2498 ae
875 2432 1093 2516 potissumum

89 2543 126 2585 ea
139 2521 253 2605 dicam,
268 2543 350 2604 quae
363 2522 398 2586 in
411 2520 561 2586 contione
571 2526 647 2606 post
656 2520 797 2586 reditum
810 2520 940 2585 Bestiae
958 2521 1092 2585 huiusce

88 2609 176 2673 modi
198 2609 306 2674 verbis
329 2609 495 2673 disseruit:

154 2696 271 2761 ‘Multa
297 2719 348 2761 me
376 2697 589 2762 dehortantur
616 2719 636 2760 a
658 2697 764 2780 vobis,
791 2695 947 2780 Quirites,
969 2695 1004 2759 ni
1028 2696 1142 2759 stu-31

88 2785 177 2850 dium
190 2785 399 2868 reipublicae
419 2785 527 2848 omnia
545 2787 688 2867 superet:
707 2805 784 2866 opes
802 2782 964 2866 factionis,
982 2786 1093 2846 vostra

87 2873 259 2956 patientia,
285 2873 336 2938 ius
363 2873 502 2956 nullum,
533 2894 571 2936 ac
597 2893 747 2936 maxume
775 2871 861 2954 quod
889 2870 1093 2934 innocentiae

87 2961 160 3044 plus
195 2961 330 3044 periculi
360 2983 458 3044 quam
488 2960 623 3025 honoris
655 2963 714 3024 est.
766 2981 843 3022 nam
874 2958 932 3022 illa
964 2957 1127 3041 quidema

88 3048 179 3132 piget
202 3049 320 3131 dicere,
346 3049 399 3113 his
422 3048 515 3113 annis
539 3047 721 3131 quindecim
744 3069 841 3130 quam
864 3046 1004 3110 ludibrio
1027 3045 1094 3110 fue-

88 3135 160 3200 ritis
180 3136 349 3219 superbiae
372 3157 559 3220 paucorum,
583 3157 681 3219 quam
702 3134 795 3199 foede
818 3156 978 3218 quamque
996 3133 1093 3197 inulti

88 3223 243 3305 perierint
261 3224 365 3289 vostri
383 3224 577 3307 defensores,
594 3229 632 3288 ut
650 3223 743 3289 vobis
762 3223 888 3288 animus
908 3223 948 3286 ab
963 3220 1094 3305 ignavia

89 3314 185 3394 atque
208 3312 356 3377 socordia
378 3314 555 3395 conruptus
579 3311 631 3396 sit,
655 3312 710 3395 qui
729 3334 770 3375 ne
787 3332 873 3374 nunc
892 3309 1021 3393 quidem
1040 3306 1127 3371 oba

86 3398 192 3462 noxiis
207 3399 348 3464 inimicis
367 3398 525 3485 exurgitis
544 3403 642 3483 atque
660 3399 759 3463 etiam
776 3419 862 3461 nunc
880 3395 1004 3461 timetis
1028 3416 1092 3478 eos,

88 3486 204 3568 quibus
232 3488 325 3552 decet
350 3488 467 3552 terrori
490 3509 569 3552 esse.
614 3487 671 3551 sed
694 3507 890 3569 quamquam
911 3483 990 3547 haec
1014 3482 1127 3546 talias

87 3578 172 3659 sunt,
190 3578 301 3640 tamen
314 3575 445 3641 obviam
463 3575 509 3640 ire
528 3575 680 3641 factionis
693 3573 859 3658 potentiae
879 3572 1005 3637 animus
1020 3572 1093 3636 sub-
