2542 4192
293 275 439 330 BELLUM
457 275 718 333 IUGURTHINUM
737 293 760 333 c.
780 283 884 333 50-53
1051 280 1092 346 79

84 425 154 485 tare
184 420 308 505 omnia3
341 421 510 486 subvenire
538 422 618 506 suis,
649 422 800 487 hostibus
828 422 934 487 dubiis
961 423 1093 509 instare,

83 530 165 593 quos
183 508 295 572 firmos
315 512 520 594 cognoverat,
539 510 663 574 eminus
682 511 855 594 pugnando
873 511 1021 576 retinere.
1051 534 1089 577 eo
1100 511 1144 576 52

83 597 179 661 modo
204 594 289 660 inter
312 617 346 661 se
370 596 432 661 duc
455 597 668 681 imperatores
693 598 810 662 summi
833 598 895 662 viri
914 599 1091 683 certabant,

82 683 146 767 ipsi
173 705 283 768 pares,
310 688 453 750 ceterum
481 684 596 768 opibus
622 685 813 768 disparibus.
858 708 934 751 nam
956 686 1126 752 Metellos

82 772 187 837 virtus
220 771 362 836 militum
390 776 473 855 erat,
504 773 594 838 locus
622 773 791 856 advorsus,
818 773 998 857 Iugurthae
1027 775 1091 839 alia
1116 842 1118 846 ,

83 860 192 925 omnia
221 863 350 943 praeter
382 860 503 925 milites
537 866 728 945 opportuna.
778 861 914 944 denique
942 862 1126 947 Romania

81 948 139 1012 ubi
166 947 362 1033 intellegunt
388 969 492 1030 neque
521 949 584 1013 sibi
611 949 796 1034 perfugium
824 970 894 1013 esse
921 971 1025 1032 neque
1049 952 1090 1014 ab

81 1035 178 1101 hoste
201 1036 328 1119 copiam
350 1036 515 1121 pugnandi
537 1037 608 1101 fieri
632 1034 679 1122 (et
701 1038 767 1101 iam
790 1037 840 1100 die
863 1059 977 1121 uesper
997 1035 1091 1123 erat),

83 1124 220 1188 advorso
235 1123 327 1207 colle,
342 1124 439 1189 sicuti
451 1128 660 1208 praeceptum
669 1124 784 1208 fuerat,
799 1125 946 1189 evadunt.
971 1125 1089 1189 amisso
1109 1141 1127 1188 4

81 1212 154 1277 loco
178 1210 338 1276 Numidae
366 1212 431 1276 fusi
453 1211 637 1297 fugatique3
663 1213 759 1297 pauci
781 1213 946 1297 interiere,
970 1213 1091 1296 pleros·

83 1321 145 1383 que
168 1299 323 1365 velocitas
348 1303 385 1364 et·
403 1300 493 1385 regio
516 1300 668 1364 hostibus
690 1301 805 1385 ignara
828 1304 936 1365 tutata
959 1305 1044 1365 sunt.

148 1385 278 1452 Interea
300 1386 473 1470 Bomilcar,
497 1409 593 1470 quem
616 1387 796 1471 elephantis
820 1392 854 1452 et
876 1389 963 1472 parti
986 1389 1126 1473 copia-5

83 1497 156 1539 rum
181 1474 381 1559 pedestrium
407 1474 608 1558 praefectum
636 1477 676 1539 ab
700 1474 860 1559 Iugurtha
888 1498 985 1559 supra
1012 1477 1091 1540 dixi·

83 1583 170 1646 mus,
196 1562 253 1628 ubi
281 1584 354 1627 eum
382 1561 526 1627 Rutilius
553 1568 815 1648 praetergressus
842 1567 906 1646 est,
931 1563 1090 1645 paulatim

83 1672 159 1715 suos
192 1650 226 1714 in
253 1672 390 1734 aequom
417 1651 526 1715 locum
552 1651 681 1716 deducit
708 1673 758 1735 ac,
790 1651 867 1715 dum
893 1651 1022 1735 legatus
1050 1652 1090 1715 ad

82 1739 212 1821 flumen,
234 1760 297 1821 quo
317 1739 513 1821 praemissus
533 1743 611 1823 erat,
633 1739 792 1804 festinans
810 1739 928 1823 pergit,
952 1739 1090 1822 quietus,

82 1825 133 1890 uti
155 1846 206 1889 res
225 1826 422 1910 postulabat,
445 1827 547 1892 aciem
566 1830 701 1891 exornat
718 1848 821 1910 neque
833 1826 989 1910 remittit,
1012 1827 1090 1909 quid

83 1913 202 1996 ubique
229 1913 335 1979 hostis
359 1919 483 1998 ageret,
510 1915 685 1999 explorare.
731 1919 906 1998 postquam
929 1914 1126 1979 Rutiliums

84 2000 267 2067 consedisse
290 2001 356 2065 iam
379 2006 412 2066 et
435 2002 543 2066 animo
567 2024 702 2068 vacuom
726 2003 851 2085 accepit
872 2002 1032 2084 simulque
1051 2024 1090 2066 ex

82 2087 261 2173 Iugurthae
277 2089 401 2172 proelio
421 2090 595 2154 clamorem
614 2089 735 2174 augeri,
753 2089 884 2172 veritus,
901 2110 942 2152 ne
960 2088 1089 2172 legatus

84 2176 215 2261 cognita
230 2198 265 2241 re
283 2177 508 2242 laborantibus
528 2178 595 2242 suis
615 2176 734 2241 auxilio
748 2175 843 2259 foret,
862 2176 973 2258 aciem,
992 2197 1090 2258 quam

83 2263 232 2328 diffidens
254 2265 369 2329 virtuti
393 2265 535 2329 militum
558 2269 627 2330 arte
656 2268 830 2347 statuerat,
858 2284 921 2346 quo
944 2263 1090 2328 hostium

83 2351 193 2416 itineri
217 2351 369 2436 officeret,
392 2352 490 2416 latius
514 2352 655 2437 porrigit
677 2373 778 2435 eoque
801 2353 897 2415 modo
922 2351 961 2414 ad
984 2349 1090 2415 Rutili

84 2444 191 2505 castra
217 2440 372 2524 procedit.
421 2440 559 2505 Romani
591 2462 630 2504 ex
656 2439 821 2523 inproviso
849 2439 990 2524 pulveris
1022 2439 1089 2504 vim
1099 2438 1144 2504 53

83 2547 236 2612 magnam
263 2527 540 2613 animadvertunt,
565 2550 642 2592 nam
664 2531 873 2611 prospectum
896 2547 974 2612 ager
997 2527 1090 2592 arbu-

84 2614 144 2678 stis
172 2615 316 2680 ccnsitus
344 2616 560 2698 prohibebat,
593 2620 626 2680 et
652 2615 758 2699 primo
784 2616 848 2679 rati
870 2615 1006 2678 humum
1029 2615 1089 2678 ari·
1127 2656 1129 2660 -

84 2701 159 2766 dam
185 2707 281 2768 vento
310 2703 442 2788 agitari,
469 2707 545 2787 post
571 2703 628 2767 ubi
656 2702 858 2786 aequabilem
886 2722 1014 2765 manere
1047 2705 1088 2784 et,

84 2788 181 2855 sicuti
200 2790 284 2856 acies
303 2791 504 2874 movebatur,
522 2791 626 2875 magis
646 2790 814 2874 magisque
830 2789 1088 2871 adpropinquare

83 2876 208 2962 vident,
235 2878 366 2962 cognita
393 2901 427 2943 re
455 2883 665 2962 properantes
694 2899 784 2941 arma
812 2876 943 2960 capiunt
968 2897 1005 2940 ac
1028 2897 1088 2958 pro

84 2965 213 3049 castris,
245 2965 342 3030 sicuti
372 2965 608 3050 imperabatur,
640 2965 832 3031 consistunt.
881 2962 993 3028 deinde
1030 2963 1123 3027 ubia

83 3053 216 3136 propius
248 3056 381 3118 ventum
413 3058 476 3136 est,
507 3053 670 3137 utrimque
701 3073 820 3138 magno
848 3052 988 3117 clamore
1017 3073 1089 3115 con·

84 3140 231 3205 curritur.
281 3139 441 3206 Numidae
468 3145 597 3206 tantum
624 3142 720 3206 modo
747 3141 914 3223 remorati,
947 3139 1022 3203 dum
1053 3139 1124 3201 ina

83 3227 264 3310 elephantis
292 3228 448 3293 auxilium
474 3232 605 3312 putant,
636 3233 812 3313 postquam
844 3249 899 3292 eos
926 3225 1088 3309 inpeditos

83 3314 181 3380 ramis
205 3317 357 3381 arborum
376 3321 473 3400 atque
491 3316 540 3380 ita
557 3316 709 3381 disiectos
728 3314 951 3381 circumveniri
970 3313 1088 3394 vident,

83 3401 195 3487 fugam
221 3401 346 3470 faciunt
374 3426 410 3469 ac
437 3403 582 3488 plerique
611 3403 745 3469 abiectis
775 3402 873 3466 armis
906 3399 998 3464 collis
1032 3402 1089 3462 aut

81 3490 202 3574 noctis,
226 3513 306 3574 quae
329 3491 396 3556 iam
418 3493 543 3575 aderat,
567 3491 686 3555 auxilio
709 3489 829 3574 integri
853 3487 982 3552 abeunt.
1028 3486 1088 3551 ele·
1107 3501 1125 3549 4

81 3577 197 3662 phanti
221 3583 376 3664 quattuor
399 3579 500 3664 capti,
523 3578 639 3663 reliqui
663 3598 774 3642 omnes
796 3597 930 3643 numero
955 3574 1088 3660 quadra-

576 3970 647 4067 ῑ,
726 3928 784 4085 *l
