2542 4192
343 240 491 296 BELLUM
509 240 701 297 CATILINAE
720 259 742 298 o.
761 249 874 299 53-56.
1070 242 1112 306 37

104 408 181 451 oum
204 385 351 470 factiose,
375 386 431 450 sed
455 408 528 450 cum
552 390 682 450 strenuo
705 387 840 470 virtute,
868 409 941 451 cum
964 387 1112 451 modesto

104 475 239 558 pudore,
258 495 331 539 cum
349 473 520 538 innocente
536 474 734 538 abstinentia
749 475 908 558 certabat3
927 496 997 539 esse
1015 496 1112 558 quam

103 560 209 626 videri
228 561 332 625 bonus
351 561 507 625 malebat:
530 561 586 645 ita,
610 583 673 644 quo
695 562 801 626 minus
816 563 949 646 petebat
963 562 1112 647 gloriam,

104 671 143 713 eo
167 648 272 733 magis
295 648 390 711 illum
413 650 658 731 adsequebatur.

171 735 360 819 Postquam,
383 740 421 799 ut
443 736 523 820 dixi,
546 741 677 801 senatus
699 737 735 801 in
757 736 891 802 Catonis
915 737 1112 801 sententiam
1121 737 1164 804 55

104 823 268 907 discessit,
300 824 414 888 consul
442 828 612 908 optumum
638 823 728 888 factu
754 829 846 889 ratus
872 829 1002 889 noctem
1030 846 1111 907 quae

103 911 252 976 instabat
283 915 488 995 antecapere,
521 933 562 976 ne
598 912 675 995 quid
711 934 748 976 eo
786 912 892 996 spatio
927 915 1111 994 novaretur,

104 999 293 1063 triumviros
327 1021 408 1082 quae
442 1000 509 1080 [ad]
543 1000 737 1084 supplicium
764 1000 966 1084 postulabat,
997 1021 1111 1082 parare

104 1087 205 1150 iubet.
235 1086 306 1171 ipse
328 1087 498 1170 praesidiis
517 1087 684 1171 dispositis
703 1085 878 1151 Lentulum
896 1086 932 1150 in
952 1107 1112 1150 carcerem
1130 1103 1146 1150 2

105 1174 249 1258 deducit3
272 1174 358 1237 idem
380 1175 418 1237 fit
439 1175 554 1239 ceteris
573 1197 631 1258 per
648 1180 822 1258 praetores.
855 1178 906 1238 est
928 1174 963 1238 in
986 1190 1145 1238 carceres

103 1262 206 1344 locus,
220 1261 306 1344 quod
315 1261 501 1326 Tullianum
515 1262 706 1345 appellatur,
720 1262 776 1327 ubi
786 1262 953 1346 paululum
964 1261 1112 1326 ascende·

105 1350 152 1412 ris
171 1349 213 1412 ad
230 1349 364 1432 laevam,
383 1349 511 1414 circiter
529 1350 698 1414 duodecim
710 1351 808 1433 pedes
821 1350 913 1414 humi
927 1350 1112 1433 depressus3

106 1458 181 1500 eum
204 1436 354 1501 muniunt
376 1436 517 1519 undique
540 1437 681 1519 parietes
710 1441 808 1519 atque
830 1437 961 1520 insuper
985 1451 1147 1501 camerac

104 1524 242 1607 lapideis
265 1523 442 1588 fornicibus
466 1523 590 1607 iuncta3
617 1525 674 1588 sed
701 1525 825 1588 incultu
848 1525 990 1588 tenebris
1015 1524 1111 1587 odore

104 1611 202 1676 foeda
229 1615 326 1694 atque
353 1611 510 1676 terribilis
538 1611 607 1676 eius
635 1610 733 1676 facies
757 1615 815 1675 est.
860 1611 895 1675 in
913 1633 987 1674 eum
1004 1611 1145 1674 locumo
1206 1644 1220 1666 ·

105 1703 283 1782 postquam
306 1700 464 1764 demissus
483 1703 533 1763 est
551 1698 718 1783 Lentulus,
740 1699 883 1764 vindices
901 1721 1010 1763 rerum
1029 1697 1112 1781 capi-

106 1786 232 1870 talium,
256 1787 373 1870 quibus
392 1792 600 1871 praeceptum
618 1791 696 1870 erat,
715 1788 830 1871 laqueo
850 1787 960 1872 gulam
978 1785 1112 1870 fregere.

105 1874 155 1938 ita
177 1874 232 1938 ille
250 1874 406 1957 patricius
425 1897 464 1939 ex
482 1879 578 1959 gente
597 1875 786 1940 clarissuma
805 1873 1037 1956 Corneliorum,
1056 1871 1112 1955 qui
1131 1890 1147 1937 6

108 1961 277 2026 consulare
294 1962 466 2044 imperium
484 1962 607 2027 Romae
624 1963 792 2045 habuerat,
815 1962 949 2046 dignum
967 1960 1112 2024 moribus
1149 1989 1151 1993 ·

106 2048 268 2132 factisque
292 2048 359 2113 suis
382 2049 517 2114 exitium
539 2051 625 2114 vitae
643 2049 775 2115 invenit.
820 2049 858 2112 de
878 2047 1022 2131 Cethego
1043 2043 1113 2109 Sta-

107 2136 182 2200 tilio
206 2135 345 2200 Gabinio
367 2135 525 2220 Caepario
548 2138 659 2200 eodem
678 2137 774 2201 modo
793 2134 988 2218 supplicium
1007 2153 1113 2214 sump-

108 2227 180 2289 tum
204 2228 262 2289 est.
559 2253 563 2257 ’

175 2311 263 2377 Dum
285 2334 324 2377 ea
345 2311 468 2376 Romae
492 2315 657 2398 geruntur,
681 2310 823 2377 Catilina
845 2332 884 2375 ex
905 2309 993 2374 omni
1011 2308 1113 2392 copia,
1123 2307 1165 2373 56

109 2421 208 2483 quam
232 2404 265 2464 et
287 2401 356 2484 ipsc
380 2400 555 2464 adduxerat
573 2404 606 2463 et
624 2399 764 2464 Manlius
783 2399 951 2481 habuerat,
974 2399 1052 2462 duas
1071 2397 1114 2460 le-

110 2488 223 2572 giones
245 2487 399 2571 instituit,
423 2488 566 2552 cohortis
584 2510 643 2571 pro
661 2509 795 2552 numero
815 2487 957 2551 militum
976 2485 1114 2567 conplet.

110 2575 233 2658 deinde,
254 2579 292 2638 ut
316 2576 451 2658 quisque
473 2576 675 2640 voluntarius
698 2580 755 2639 aut
778 2597 817 2638 ex
840 2574 936 2639 sociis
954 2573 989 2637 in
1008 2576 1114 2636 castra
1133 2587 1149 2634 2

109 2666 252 2746 venerat,
270 2663 449 2746 aequaliter
463 2663 681 2748 distribuerat,
695 2685 732 2728 ac
746 2663 837 2726 brevi
851 2661 957 2744 spatio
971 2660 1114 2744 legiones

109 2771 246 2814 numero
266 2751 436 2814 hominum
459 2751 652 2835 expleverat,
674 2773 747 2815 cum
769 2748 864 2812 initio
887 2769 953 2811 non
976 2746 1114 2829 amplius

111 2837 238 2902 duobus
260 2838 392 2902 milibus
415 2838 591 2903 habuisset.
636 2838 692 2902 sed
713 2836 858 2901 exomni
877 2834 969 2918 copia
988 2833 1150 2898 circiter.3

111 2946 188 3007 pars
216 2930 333 3007 quarta
360 2929 430 2989 erat
457 2926 654 2990 militaribus
683 2924 781 2989 armis
808 2924 981 3007 instructa,
1009 2921 1116 3004 ceteri,

111 3015 150 3075 ut
172 3033 332 3095 quemque
355 3034 448 3077 casus
472 3016 662 3098 armaverat,
686 3034 799 3097 sparos
823 3015 880 3076 aut
900 3012 1037 3093 lanceas,
1060 3009 1116 3073 alii

113 3104 305 3181 praeacutas
334 3101 421 3164 sudis
449 3101 634 3184 portabant.
680 3100 735 3164 sed
757 3105 932 3184 postquam
954 3098 1152 3162 Antoniusa

113 3207 187 3249 cum
210 3187 352 3252 exercitu
376 3188 580 3272 adventabat,
603 3187 745 3252 Catilina
766 3210 824 3271 per
846 3186 967 3251 montis
990 3186 1053 3248 iter
1073 3184 1117 3246 fa-

113 3293 198 3356 cere,
230 3274 326 3338 modo
359 3276 399 3338 ad
430 3275 544 3339 urbem
576 3277 671 3340 modo
701 3275 840 3339 Galliam
869 3293 983 3338 vorsus
1011 3274 1118 3335 castra

113 3381 252 3444 movere,
269 3361 420 3426 hostibus
440 3362 643 3427 occasionem
660 3361 826 3447 pugnandi
843 3382 910 3424 non
927 3360 1011 3423 dare.
1050 3379 1120 3442 spe·

113 3448 208 3511 rabat
234 3470 335 3531 prope
363 3449 448 3513 diem
475 3471 610 3535 magnas
638 3451 747 3533 copias
773 3469 842 3512 sese
865 3446 1067 3530 habiturum,
1091 3446 1119 3510 si

113 3533 237 3599 Romae
261 3535 342 3600 socii
363 3537 494 3621 incepta
513 3538 741 3621 patravissent.
780 3536 905 3599 interea
923 3534 1055 3599 servitia
1073 3548 1153 3599 reo
