<?xml version="1.0" encoding="UTF-8"?>
<!DOCTYPE html PUBLIC "-//W3C//DTD XHTML 1.0 Transitional//EN"
    "http://www.w3.org/TR/xhtml1/DTD/xhtml1-transitional.dtd">
<html xmlns="http://www.w3.org/1999/xhtml" xml:lang="en" lang="en">
 <head>
  <title>
</title>
<meta http-equiv="Content-Type" content="text/html;charset=utf-8" />
  <meta name='ocr-system' content='tesseract 3.04.00' />
  <meta name='ocr-capabilities' content='ocr_page ocr_carea ocr_par ocr_line ocrx_word'/>
</head>
<body>
  <div class='ocr_page' id='page_1' title='image "./catilinajugurth00sallgoog_0050.png"; bbox 0 0 2542 4192; ppageno 0'>
   <div class='ocr_carea' id='block_1_1' title="bbox 308 236 1074 305">
    <p class='ocr_par' dir='ltr' id='par_1_1' title="bbox 308 236 1074 305">
     <span class='ocr_line' id='line_1_1' title="bbox 308 236 1074 305; baseline 0.008 -14"><span class='ocrx_word' id='word_1_1' title='bbox 308 236 454 292; x_wconf 85' lang='lat' dir='ltr'><strong>BELLUM</strong></span> <span class='ocrx_word' id='word_1_2' title='bbox 473 237 668 292; x_wconf 84' lang='lat' dir='ltr'><strong>CATILINAE</strong></span> <span class='ocrx_word' id='word_1_3' title='bbox 687 255 709 292; x_wconf 91' lang='lat' dir='ltr'><strong>c.</strong></span> <span class='ocrx_word' id='word_1_4' title='bbox 725 244 837 295; x_wconf 82' lang='lat'><strong>35-38.</strong></span> <span class='ocrx_word' id='word_1_5' title='bbox 1033 243 1074 305; x_wconf 81' lang='lat'><strong>21</strong></span> 
     </span>
    </p>
   </div>
   <div class='ocr_carea' id='block_1_2' title="bbox 67 382 1167 3341">
    <p class='ocr_par' dir='ltr' id='par_1_2' title="bbox 68 382 1167 3276">
     <span class='ocr_line' id='line_1_2' title="bbox 70 382 1075 466; baseline 0.003 -18"><span class='ocrx_word' id='word_1_6' title='bbox 70 385 176 448; x_wconf 89' lang='lat' dir='ltr'><strong>solum</strong></span> <span class='ocrx_word' id='word_1_7' title='bbox 199 382 265 447; x_wconf 90' lang='lat' dir='ltr'><strong>illis</strong></span> <span class='ocrx_word' id='word_1_8' title='bbox 290 383 395 448; x_wconf 89' lang='lat' dir='ltr'><strong>aliena</strong></span> <span class='ocrx_word' id='word_1_9' title='bbox 413 405 503 447; x_wconf 91' lang='lat' dir='ltr'><strong>mens</strong></span> <span class='ocrx_word' id='word_1_10' title='bbox 525 387 605 466; x_wconf 89' lang='lat' dir='ltr'><strong>erat,</strong></span> <span class='ocrx_word' id='word_1_11' title='bbox 628 384 684 466; x_wconf 92' lang='lat' dir='ltr'><strong>qui</strong></span> <span class='ocrx_word' id='word_1_12' title='bbox 704 384 824 449; x_wconf 90' lang='lat' dir='ltr'><strong>conscii</strong></span> <span class='ocrx_word' id='word_1_13' title='bbox 843 385 1075 452; x_wconf 87' lang='lat' dir='ltr'><strong>coniurationis</strong></span> 
     </span>
     <span class='ocr_line' id='line_1_3' title="bbox 71 472 1075 554; baseline 0.004 -19"><span class='ocrx_word' id='word_1_14' title='bbox 71 472 212 554; x_wconf 88' lang='lat' dir='ltr'><strong>fuerant,</strong></span> <span class='ocrx_word' id='word_1_15' title='bbox 245 472 301 536; x_wconf 91' lang='lat' dir='ltr'><strong>sed</strong></span> <span class='ocrx_word' id='word_1_16' title='bbox 333 472 463 536; x_wconf 92' lang='lat' dir='ltr'><strong>omnino</strong></span> <span class='ocrx_word' id='word_1_17' title='bbox 497 476 612 536; x_wconf 90' lang='lat' dir='ltr'><strong>cuncta</strong></span> <span class='ocrx_word' id='word_1_18' title='bbox 643 472 754 554; x_wconf 90' lang='lat' dir='ltr'><strong>plebes</strong></span> <span class='ocrx_word' id='word_1_19' title='bbox 780 495 937 537; x_wconf 87' lang='lat' dir='ltr'><strong>novarum</strong></span> <span class='ocrx_word' id='word_1_20' title='bbox 966 497 1075 539; x_wconf 87' lang='lat' dir='ltr'><strong>rerum</strong></span> 
     </span>
     <span class='ocr_line' id='line_1_4' title="bbox 70 557 1108 643; baseline 0.003 -20"><span class='ocrx_word' id='word_1_21' title='bbox 70 559 178 623; x_wconf 89' lang='lat' dir='ltr'><strong>studio</strong></span> <span class='ocrx_word' id='word_1_22' title='bbox 203 557 362 623; x_wconf 75' lang='lat' dir='ltr'>Catilinae</span> <span class='ocrx_word' id='word_1_23' title='bbox 385 559 516 642; x_wconf 88' lang='lat' dir='ltr'><strong>incepta</strong></span> <span class='ocrx_word' id='word_1_24' title='bbox 537 559 707 643; x_wconf 81' lang='lat' dir='ltr'>probabat.</span> <span class='ocrx_word' id='word_1_25' title='bbox 748 560 781 623; x_wconf 90' lang='lat' dir='ltr'><strong>id</strong></span> <span class='ocrx_word' id='word_1_26' title='bbox 804 561 882 626; x_wconf 89' lang='lat' dir='ltr'><strong>adeo</strong></span> <span class='ocrx_word' id='word_1_27' title='bbox 906 584 995 626; x_wconf 90' lang='lat' dir='ltr'><strong>more</strong></span> <span class='ocrx_word' id='word_1_28' title='bbox 1014 585 1073 628; x_wconf 92' lang='lat' dir='ltr'><strong>suo</strong></span> <span class='ocrx_word' id='word_1_29' title='bbox 1093 579 1108 626; x_wconf 79' lang='lat'><strong>2</strong></span> 
     </span>
     <span class='ocr_line' id='line_1_5' title="bbox 68 646 1109 734; baseline 0.005 -23"><span class='ocrx_word' id='word_1_30' title='bbox 68 647 240 711; x_wconf 88' lang='lat' dir='ltr'><strong>videbatur</strong></span> <span class='ocrx_word' id='word_1_31' title='bbox 262 646 376 711; x_wconf 81' lang='lat' dir='ltr'><strong>facere.</strong></span> <span class='ocrx_word' id='word_1_32' title='bbox 399 669 475 711; x_wconf 91' lang='lat' dir='ltr'><strong>nam</strong></span> <span class='ocrx_word' id='word_1_33' title='bbox 498 669 626 734; x_wconf 82' lang='lat' dir='ltr'><strong>semper</strong></span> <span class='ocrx_word' id='word_1_34' title='bbox 648 647 682 711; x_wconf 92' lang='lat' dir='ltr'><strong>in</strong></span> <span class='ocrx_word' id='word_1_35' title='bbox 705 648 837 712; x_wconf 83' lang='lat' dir='ltr'><strong>civitate</strong></span> <span class='ocrx_word' id='word_1_36' title='bbox 861 650 977 732; x_wconf 90' lang='lat' dir='ltr'><strong>quibus</strong></span> <span class='ocrx_word' id='word_1_37' title='bbox 997 673 1073 734; x_wconf 89' lang='lat' dir='ltr'><strong>opes</strong></span> <span class='ocrx_word' id='word_1_38' title='bbox 1093 667 1109 716; x_wconf 83' lang='lat'><strong>3</strong></span> 
     </span>
     <span class='ocr_line' id='line_1_6' title="bbox 68 734 1076 821; baseline 0.005 -23"><span class='ocrx_word' id='word_1_39' title='bbox 68 735 176 798; x_wconf 88' lang='lat' dir='ltr'><strong>nullae</strong></span> <span class='ocrx_word' id='word_1_40' title='bbox 205 738 293 817; x_wconf 89' lang='lat' dir='ltr'><strong>sunt,</strong></span> <span class='ocrx_word' id='word_1_41' title='bbox 323 735 418 798; x_wconf 90' lang='lat' dir='ltr'><strong>bonis</strong></span> <span class='ocrx_word' id='word_1_42' title='bbox 445 734 602 818; x_wconf 89' lang='lat' dir='ltr'><strong>invident,</strong></span> <span class='ocrx_word' id='word_1_43' title='bbox 634 736 738 799; x_wconf 87' lang='lat' dir='ltr'><strong>malos</strong></span> <span class='ocrx_word' id='word_1_44' title='bbox 762 736 934 821; x_wconf 89' lang='lat' dir='ltr'><strong>extollunt,</strong></span> <span class='ocrx_word' id='word_1_45' title='bbox 964 743 1076 802; x_wconf 86' lang='lat' dir='ltr'><strong>vetera</strong></span> 
     </span>
     <span class='ocr_line' id='line_1_7' title="bbox 69 822 1075 907; baseline 0.004 -21"><span class='ocrx_word' id='word_1_46' title='bbox 69 823 178 906; x_wconf 90' lang='lat' dir='ltr'><strong>odere,</strong></span> <span class='ocrx_word' id='word_1_47' title='bbox 214 844 299 887; x_wconf 89' lang='lat' dir='ltr'><strong>nova</strong></span> <span class='ocrx_word' id='word_1_48' title='bbox 330 826 499 907; x_wconf 87' lang='lat' dir='ltr'><strong>exoptant,</strong></span> <span class='ocrx_word' id='word_1_49' title='bbox 536 822 610 887; x_wconf 93' lang='lat' dir='ltr'><strong>odio</strong></span> <span class='ocrx_word' id='word_1_50' title='bbox 643 845 774 887; x_wconf 91' lang='lat' dir='ltr'><strong>suarum</strong></span> <span class='ocrx_word' id='word_1_51' title='bbox 810 845 918 888; x_wconf 90' lang='lat' dir='ltr'><strong>rerum</strong></span> <span class='ocrx_word' id='word_1_52' title='bbox 954 827 1075 890; x_wconf 91' lang='lat' dir='ltr'><strong>mutari</strong></span> 
     </span>
     <span class='ocr_line' id='line_1_8' title="bbox 70 910 1075 993; baseline 0.003 -18"><span class='ocrx_word' id='word_1_53' title='bbox 70 910 179 975; x_wconf 93' lang='lat' dir='ltr'><strong>omnia</strong></span> <span class='ocrx_word' id='word_1_54' title='bbox 211 911 358 992; x_wconf 77' lang='lat' dir='ltr'><strong>student,</strong></span> <span class='ocrx_word' id='word_1_55' title='bbox 392 910 489 974; x_wconf 92' lang='lat' dir='ltr'><strong>turba</strong></span> <span class='ocrx_word' id='word_1_56' title='bbox 520 915 618 993; x_wconf 91' lang='lat' dir='ltr'><strong>atque</strong></span> <span class='ocrx_word' id='word_1_57' title='bbox 651 911 864 976; x_wconf 81' lang='lat' dir='ltr'>seditionibus</span> <span class='ocrx_word' id='word_1_58' title='bbox 897 913 965 977; x_wconf 90' lang='lat' dir='ltr'><strong>sine</strong></span> <span class='ocrx_word' id='word_1_59' title='bbox 998 936 1075 978; x_wconf 91' lang='lat' dir='ltr'><strong>cura</strong></span> 
     </span>
     <span class='ocr_line' id='line_1_9' title="bbox 69 997 1074 1083; baseline 0.003 -21"><span class='ocrx_word' id='word_1_60' title='bbox 69 999 214 1080; x_wconf 92' lang='lat' dir='ltr'><strong>aluntur,</strong></span> <span class='ocrx_word' id='word_1_61' title='bbox 242 997 394 1082; x_wconf 86' lang='lat' dir='ltr'><strong>quoniam</strong></span> <span class='ocrx_word' id='word_1_62' title='bbox 417 1002 545 1083; x_wconf 85' lang='lat' dir='ltr'><strong>egestas</strong></span> <span class='ocrx_word' id='word_1_63' title='bbox 567 998 662 1062; x_wconf 87' lang='lat' dir='ltr'><strong>facile</strong></span> <span class='ocrx_word' id='word_1_64' title='bbox 685 999 824 1062; x_wconf 89' lang='lat' dir='ltr'><strong>habetur</strong></span> <span class='ocrx_word' id='word_1_65' title='bbox 852 999 920 1064; x_wconf 91' lang='lat' dir='ltr'><strong>sine</strong></span> <span class='ocrx_word' id='word_1_66' title='bbox 948 1001 1074 1065; x_wconf 89' lang='lat' dir='ltr'><strong>damno.</strong></span> 
     </span>
     <span class='ocr_line' id='line_1_10' title="bbox 68 1085 1167 1170; baseline -0.001 -20"><span class='ocrx_word' id='word_1_67' title='bbox 68 1087 126 1151; x_wconf 91' lang='lat' dir='ltr'><strong>sed</strong></span> <span class='ocrx_word' id='word_1_68' title='bbox 151 1085 277 1150; x_wconf 88' lang='lat' dir='ltr'><strong>urbana</strong></span> <span class='ocrx_word' id='word_1_69' title='bbox 302 1085 413 1169; x_wconf 90' lang='lat' dir='ltr'><strong>plebes</strong></span> <span class='ocrx_word' id='word_1_70' title='bbox 442 1108 480 1150; x_wconf 93' lang='lat' dir='ltr'><strong>ea</strong></span> <span class='ocrx_word' id='word_1_71' title='bbox 506 1108 582 1151; x_wconf 86' lang='lat' dir='ltr'><strong>vero</strong></span> <span class='ocrx_word' id='word_1_72' title='bbox 613 1108 766 1170; x_wconf 88' lang='lat' dir='ltr'><strong>praeceps</strong></span> <span class='ocrx_word' id='word_1_73' title='bbox 795 1091 865 1151; x_wconf 87' lang='lat' dir='ltr'><strong>erat</strong></span> <span class='ocrx_word' id='word_1_74' title='bbox 893 1088 931 1150; x_wconf 87' lang='lat' dir='ltr'><strong>de</strong></span> <span class='ocrx_word' id='word_1_75' title='bbox 961 1089 1109 1153; x_wconf 82' lang='grc'><strong>1111111114</strong></span> <span class='ocrx_word' id='word_1_76' title='bbox 1164 1144 1167 1149; x_wconf 92' lang='grc'>.</span> 
     </span>
     <span class='ocr_line' id='line_1_11' title="bbox 69 1173 1109 1259; baseline 0.001 -19"><span class='ocrx_word' id='word_1_77' title='bbox 69 1174 185 1240; x_wconf 88' lang='lat' dir='ltr'><strong>causis.</strong></span> <span class='ocrx_word' id='word_1_78' title='bbox 219 1173 361 1256; x_wconf 91' lang='lat' dir='ltr'><strong>primum</strong></span> <span class='ocrx_word' id='word_1_79' title='bbox 385 1174 529 1237; x_wconf 91' lang='lat' dir='ltr'><strong>omnium</strong></span> <span class='ocrx_word' id='word_1_80' title='bbox 552 1175 608 1258; x_wconf 92' lang='lat' dir='ltr'><strong>qui</strong></span> <span class='ocrx_word' id='word_1_81' title='bbox 630 1175 749 1257; x_wconf 90' lang='lat' dir='ltr'><strong>ubique</strong></span> <span class='ocrx_word' id='word_1_82' title='bbox 767 1175 887 1257; x_wconf 92' lang='lat' dir='ltr'><strong>probro</strong></span> <span class='ocrx_word' id='word_1_83' title='bbox 907 1180 1004 1259; x_wconf 88' lang='lat' dir='ltr'><strong>atque</strong></span> <span class='ocrx_word' id='word_1_84' title='bbox 1022 1192 1109 1259; x_wconf 75' lang='lat' dir='ltr'><strong>pes</strong></span> 
     </span>
     <span class='ocr_line' id='line_1_12' title="bbox 69 1261 1075 1361; baseline 0.003 -36"><span class='ocrx_word' id='word_1_85' title='bbox 69 1262 210 1325; x_wconf 88' lang='lat' dir='ltr'><strong>tulantia</strong></span> <span class='ocrx_word' id='word_1_86' title='bbox 223 1283 373 1324; x_wconf 85' lang='lat' dir='ltr'><strong>maxume</strong></span> <span class='ocrx_word' id='word_1_87' title='bbox 386 1267 497 1361; x_wconf 80' lang='lat' dir='ltr'><strong>praest</strong></span> <span class='ocrx_word' id='word_1_88' title='bbox 483 1262 648 1344; x_wconf 88' lang='lat' dir='ltr'><strong>ttaban,1t</strong></span> <span class='ocrx_word' id='word_1_89' title='bbox 624 1262 630 1274; x_wconf 87' lang='lat'>&#39;</span> <span class='ocrx_word' id='word_1_90' title='bbox 621 1267 701 1325; x_wconf 92' lang='lat' dir='ltr'><strong>em</strong></span> <span class='ocrx_word' id='word_1_91' title='bbox 711 1261 767 1325; x_wconf 92' lang='lat' dir='ltr'><strong>alii</strong></span> <span class='ocrx_word' id='word_1_92' title='bbox 767 1263 843 1345; x_wconf 91' lang='lat' dir='ltr'><strong>qui</strong></span> <span class='ocrx_word' id='word_1_93' title='bbox 852 1285 909 1346; x_wconf 92' lang='lat' dir='ltr'><strong>per</strong></span> <span class='ocrx_word' id='word_1_94' title='bbox 919 1264 1075 1328; x_wconf 89' lang='lat' dir='ltr'><strong>dedecora</strong></span> 
     </span>
     <span class='ocr_line' id='line_1_13' title="bbox 68 1348 1073 1435; baseline 0.003 -21"><span class='ocrx_word' id='word_1_95' title='bbox 68 1350 228 1414; x_wconf 81' lang='lat' dir='ltr'><strong>alebantur</strong></span> <span class='ocrx_word' id='word_1_96' title='bbox 249 1348 455 1432; x_wconf 89' lang='lat' dir='ltr'><strong>patrimoniis</strong></span> <span class='ocrx_word' id='word_1_97' title='bbox 480 1349 623 1431; x_wconf 87' lang='lat' dir='ltr'><strong>amissis,</strong></span> <span class='ocrx_word' id='word_1_98' title='bbox 649 1355 725 1432; x_wconf 90' lang='lat' dir='ltr'><strong>post</strong></span> <span class='ocrx_word' id='word_1_99' title='bbox 726 1371 815 1414; x_wconf 89' lang='lat' dir='ltr'><strong>remo</strong></span> <span class='ocrx_word' id='word_1_100' title='bbox 844 1373 968 1435; x_wconf 91' lang='lat' dir='ltr'><strong>omnes,</strong></span> <span class='ocrx_word' id='word_1_101' title='bbox 993 1375 1073 1435; x_wconf 90' lang='lat' dir='ltr'><strong>quos</strong></span> 
     </span>
     <span class='ocr_line' id='line_1_14' title="bbox 69 1401 1075 1539; baseline 0.001 -38"><span class='ocrx_word' id='word_1_102' title='bbox 69 1437 231 1539; x_wconf 82' lang='lat' dir='ltr'><strong>flagitium</strong></span> <span class='ocrx_word' id='word_1_103' title='bbox 254 1440 310 1500; x_wconf 88' lang='lat' dir='ltr'><strong>aut</strong></span> <span class='ocrx_word' id='word_1_104' title='bbox 328 1435 453 1501; x_wconf 87' lang='lat' dir='ltr'><strong>facinus</strong></span> <span class='ocrx_word' id='word_1_105' title='bbox 473 1437 568 1500; x_wconf 90' lang='lat' dir='ltr'><strong>domo</strong></span> <span class='ocrx_word' id='word_1_106' title='bbox 588 1401 763 1519; x_wconf 73' lang='lat' dir='ltr'><strong>expulerat,</strong></span> <span class='ocrx_word' id='word_1_107' title='bbox 785 1460 814 1501; x_wconf 92' lang='lat' dir='ltr'><strong>e1</strong></span> <span class='ocrx_word' id='word_1_108' title='bbox 805 1437 971 1502; x_wconf 88' lang='lat' dir='ltr'><strong>Romam</strong></span> <span class='ocrx_word' id='word_1_109' title='bbox 989 1441 1075 1504; x_wconf 89' lang='lat' dir='ltr'><strong>sicut</strong></span> 
     </span>
     <span class='ocr_line' id='line_1_15' title="bbox 67 1523 1108 1590; baseline 0.002 -2.122"><span class='ocrx_word' id='word_1_110' title='bbox 67 1525 288 1590; x_wconf 89' lang='lat' dir='ltr'><strong>msentinam</strong></span> <span class='ocrx_word' id='word_1_111' title='bbox 311 1525 542 1589; x_wconf 87' lang='lat' dir='ltr'><strong>confluxerant.</strong></span> <span class='ocrx_word' id='word_1_112' title='bbox 574 1523 687 1587; x_wconf 90' lang='lat' dir='ltr'><strong>deinde</strong></span> <span class='ocrx_word' id='word_1_113' title='bbox 710 1524 803 1587; x_wconf 88' lang='lat' dir='ltr'><strong>mult&#39;</strong></span> <span class='ocrx_word' id='word_1_114' title='bbox 779 1528 807 1587; x_wconf 87' lang='grc'><strong>11</strong></span> <span class='ocrx_word' id='word_1_115' title='bbox 828 1546 986 1590; x_wconf 86' lang='lat' dir='ltr'><strong>memores</strong></span> <span class='ocrx_word' id='word_1_116' title='bbox 1005 1525 1074 1590; x_wconf 85' lang='lat' dir='ltr'><strong>Sul·</strong></span> <span class='ocrx_word' id='word_1_117' title='bbox 1092 1545 1108 1590; x_wconf 84' lang='lat' dir='ltr'><strong>o</strong></span> 
     </span>
     <span class='ocr_line' id='line_1_16' title="bbox 68 1612 1074 1697; baseline 0.001 -19"><span class='ocrx_word' id='word_1_118' title='bbox 68 1614 162 1678; x_wconf 92' lang='lat' dir='ltr'><strong>lanae</strong></span> <span class='ocrx_word' id='word_1_119' title='bbox 180 1612 344 1696; x_wconf 87' lang='lat' dir='ltr'><strong>victoriae,</strong></span> <span class='ocrx_word' id='word_1_120' title='bbox 367 1613 454 1695; x_wconf 94' lang='lat' dir='ltr'><strong>quod</strong></span> <span class='ocrx_word' id='word_1_121' title='bbox 472 1634 511 1676; x_wconf 90' lang='lat' dir='ltr'><strong>ex</strong></span> <span class='ocrx_word' id='word_1_122' title='bbox 529 1613 687 1697; x_wconf 84' lang='lat' dir='ltr'><strong>gregariis</strong></span> <span class='ocrx_word' id='word_1_123' title='bbox 705 1612 775 1675; x_wconf 89' lang='lat' dir='ltr'><strong>mili</strong></span> <span class='ocrx_word' id='word_1_124' title='bbox 777 1612 865 1676; x_wconf 90' lang='lat' dir='ltr'><strong>tibus</strong></span> <span class='ocrx_word' id='word_1_125' title='bbox 884 1613 966 1677; x_wconf 89' lang='lat' dir='ltr'><strong>alios</strong></span> <span class='ocrx_word' id='word_1_126' title='bbox 986 1636 1074 1679; x_wconf 88' lang='lat' dir='ltr'><strong>sena·</strong></span> 
     </span>
     <span class='ocr_line' id='line_1_17' title="bbox 70 1700 1074 1786; baseline 0.003 -22.049"><span class='ocrx_word' id='word_1_127' title='bbox 70 1705 157 1764; x_wconf 91' lang='lat' dir='ltr'><strong>tores</strong></span> <span class='ocrx_word' id='word_1_128' title='bbox 179 1700 343 1785; x_wconf 85' lang='lat' dir='ltr'><strong>videbant,</strong></span> <span class='ocrx_word' id='word_1_129' title='bbox 366 1700 447 1765; x_wconf 86' lang='lat' dir='ltr'><strong>alios</strong></span> <span class='ocrx_word' id='word_1_130' title='bbox 470 1700 519 1763; x_wconf 90' lang='lat' dir='ltr'><strong>ita</strong></span> <span class='ocrx_word' id='word_1_131' title='bbox 541 1700 668 1784; x_wconf 83' lang='lat' dir='ltr'><strong>divites,</strong></span> <span class='ocrx_word' id='word_1_132' title='bbox 690 1704 728 1764; x_wconf 90' lang='lat' dir='ltr'><strong>ut</strong></span> <span class='ocrx_word' id='word_1_133' title='bbox 750 1700 840 1786; x_wconf 81' lang='lat' dir='ltr'><strong>regio</strong></span> <span class='ocrx_word' id='word_1_134' title='bbox 863 1701 953 1765; x_wconf 83' lang='lat' dir='ltr'><strong>victu</strong></span> <span class='ocrx_word' id='word_1_135' title='bbox 976 1707 1074 1786; x_wconf 90' lang='lat' dir='ltr'><strong>atque</strong></span> 
     </span>
     <span class='ocr_line' id='line_1_18' title="bbox 69 1787 1074 1874; baseline 0 -20"><span class='ocrx_word' id='word_1_136' title='bbox 69 1789 159 1854; x_wconf 88' lang='lat' dir='ltr'><strong>cultu</strong></span> <span class='ocrx_word' id='word_1_137' title='bbox 182 1791 324 1852; x_wconf 90' lang='lat' dir='ltr'><strong>aetatem</strong></span> <span class='ocrx_word' id='word_1_138' title='bbox 347 1792 489 1873; x_wconf 87' lang='lat' dir='ltr'><strong>agerent,</strong></span> <span class='ocrx_word' id='word_1_139' title='bbox 512 1787 576 1852; x_wconf 87' lang='lat' dir='ltr'><strong>sibi</strong></span> <span class='ocrx_word' id='word_1_140' title='bbox 596 1788 740 1872; x_wconf 86' lang='lat' dir='ltr'><strong>quisque,</strong></span> <span class='ocrx_word' id='word_1_141' title='bbox 764 1789 792 1853; x_wconf 85' lang='lat' dir='ltr'><strong>si</strong></span> <span class='ocrx_word' id='word_1_142' title='bbox 809 1789 844 1852; x_wconf 91' lang='lat' dir='ltr'><strong>in</strong></span> <span class='ocrx_word' id='word_1_143' title='bbox 863 1790 961 1853; x_wconf 91' lang='lat' dir='ltr'><strong>armis</strong></span> <span class='ocrx_word' id='word_1_144' title='bbox 980 1789 1074 1874; x_wconf 88' lang='lat' dir='ltr'><strong>foret,</strong></span> 
     </span>
     <span class='ocr_line' id='line_1_19' title="bbox 69 1876 1108 1961; baseline 0.002 -21"><span class='ocrx_word' id='word_1_145' title='bbox 69 1898 109 1940; x_wconf 86' lang='lat' dir='ltr'><strong>ex</strong></span> <span class='ocrx_word' id='word_1_146' title='bbox 135 1876 273 1940; x_wconf 82' lang='lat' dir='ltr'><strong>victoria</strong></span> <span class='ocrx_word' id='word_1_147' title='bbox 295 1876 377 1940; x_wconf 89' lang='lat' dir='ltr'><strong>talia</strong></span> <span class='ocrx_word' id='word_1_148' title='bbox 404 1877 564 1959; x_wconf 80' lang='lat' dir='ltr'><strong>sperabat.</strong></span> <span class='ocrx_word' id='word_1_149' title='bbox 609 1881 778 1960; x_wconf 89' lang='lat' dir='ltr'><strong>praeterea</strong></span> <span class='ocrx_word' id='word_1_150' title='bbox 799 1877 964 1960; x_wconf 85' lang='lat' dir='ltr'><strong>iuventus,</strong></span> <span class='ocrx_word' id='word_1_151' title='bbox 992 1893 1108 1961; x_wconf 69' lang='lat' dir='ltr'><strong>quaet</strong></span> 
     </span>
     <span class='ocr_line' id='line_1_20' title="bbox 70 1964 1074 2048; baseline 0 -19"><span class='ocrx_word' id='word_1_152' title='bbox 70 1965 104 2029; x_wconf 90' lang='lat' dir='ltr'><strong>in</strong></span> <span class='ocrx_word' id='word_1_153' title='bbox 131 1964 218 2048; x_wconf 85' lang='lat' dir='ltr'><strong>agris</strong></span> <span class='ocrx_word' id='word_1_154' title='bbox 247 1985 401 2027; x_wconf 89' lang='lat' dir='ltr'><strong>manuum</strong></span> <span class='ocrx_word' id='word_1_155' title='bbox 427 1964 573 2028; x_wconf 79' lang='lat' dir='ltr'><strong>mercede</strong></span> <span class='ocrx_word' id='word_1_156' title='bbox 601 1964 746 2046; x_wconf 91' lang='lat' dir='ltr'><strong>inopiam</strong></span> <span class='ocrx_word' id='word_1_157' title='bbox 773 1965 983 2047; x_wconf 83' lang='lat' dir='ltr'><strong>toleraverat,</strong></span> <span class='ocrx_word' id='word_1_158' title='bbox 1010 1966 1074 2048; x_wconf 90' lang='lat' dir='ltr'><strong>pri·</strong></span> 
     </span>
     <span class='ocr_line' id='line_1_21' title="bbox 69 2051 1074 2136; baseline -0.001 -20"><span class='ocrx_word' id='word_1_159' title='bbox 69 2051 155 2116; x_wconf 83' lang='lat' dir='ltr'><strong>vatis</strong></span> <span class='ocrx_word' id='word_1_160' title='bbox 169 2056 266 2134; x_wconf 90' lang='lat' dir='ltr'><strong>atque</strong></span> <span class='ocrx_word' id='word_1_161' title='bbox 280 2052 419 2135; x_wconf 86' lang='lat' dir='ltr'><strong>publicis</strong></span> <span class='ocrx_word' id='word_1_162' title='bbox 433 2051 662 2136; x_wconf 84' lang='lat' dir='ltr'><strong>largitionibus</strong></span> <span class='ocrx_word' id='word_1_163' title='bbox 678 2051 783 2115; x_wconf 91' lang='lat' dir='ltr'><strong>excita</strong></span> <span class='ocrx_word' id='word_1_164' title='bbox 796 2052 955 2115; x_wconf 91' lang='lat' dir='ltr'><strong>urbanum</strong></span> <span class='ocrx_word' id='word_1_165' title='bbox 970 2053 1074 2115; x_wconf 91' lang='lat' dir='ltr'><strong>otium</strong></span> 
     </span>
     <span class='ocr_line' id='line_1_22' title="bbox 70 2138 1074 2224; baseline 0 -22"><span class='ocrx_word' id='word_1_166' title='bbox 70 2139 199 2224; x_wconf 85' lang='lat' dir='ltr'><strong>ingrato</strong></span> <span class='ocrx_word' id='word_1_167' title='bbox 213 2139 318 2203; x_wconf 90' lang='lat' dir='ltr'><strong>labori</strong></span> <span class='ocrx_word' id='word_1_168' title='bbox 331 2140 538 2222; x_wconf 90' lang='lat' dir='ltr'><strong>praetulerat.</strong></span> <span class='ocrx_word' id='word_1_169' title='bbox 562 2160 617 2202; x_wconf 87' lang='lat' dir='ltr'><strong>eos</strong></span> <span class='ocrx_word' id='word_1_170' title='bbox 632 2142 729 2222; x_wconf 88' lang='lat' dir='ltr'><strong>atque</strong></span> <span class='ocrx_word' id='word_1_171' title='bbox 744 2138 825 2201; x_wconf 91' lang='lat' dir='ltr'><strong>alios</strong></span> <span class='ocrx_word' id='word_1_172' title='bbox 837 2139 941 2201; x_wconf 89' lang='lat' dir='ltr'><strong>omnis</strong></span> <span class='ocrx_word' id='word_1_173' title='bbox 952 2139 1074 2203; x_wconf 90' lang='lat' dir='ltr'><strong>malum</strong></span> 
     </span>
     <span class='ocr_line' id='line_1_23' title="bbox 69 2226 1108 2310; baseline 0 -20"><span class='ocrx_word' id='word_1_174' title='bbox 69 2227 236 2310; x_wconf 90' lang='lat' dir='ltr'><strong>publicum</strong></span> <span class='ocrx_word' id='word_1_175' title='bbox 259 2227 375 2291; x_wconf 90' lang='lat' dir='ltr'><strong>alebat.</strong></span> <span class='ocrx_word' id='word_1_176' title='bbox 422 2248 485 2310; x_wconf 94' lang='lat' dir='ltr'><strong>quo</strong></span> <span class='ocrx_word' id='word_1_177' title='bbox 513 2226 620 2289; x_wconf 90' lang='lat' dir='ltr'><strong>minus</strong></span> <span class='ocrx_word' id='word_1_178' title='bbox 644 2226 826 2289; x_wconf 92' lang='lat' dir='ltr'><strong>mirandum</strong></span> <span class='ocrx_word' id='word_1_179' title='bbox 854 2229 904 2290; x_wconf 86' lang='lat' dir='ltr'><strong>est</strong></span> <span class='ocrx_word' id='word_1_180' title='bbox 925 2226 1108 2291; x_wconf 76' lang='lat' dir='ltr'><strong>hominess</strong></span> 
     </span>
     <span class='ocr_line' id='line_1_24' title="bbox 70 2313 1074 2399; baseline 0.001 -21"><span class='ocrx_word' id='word_1_181' title='bbox 70 2315 197 2399; x_wconf 84' lang='lat' dir='ltr'><strong>egentis</strong></span> <span class='ocrx_word' id='word_1_182' title='bbox 222 2314 317 2379; x_wconf 89' lang='lat' dir='ltr'><strong>malis</strong></span> <span class='ocrx_word' id='word_1_183' title='bbox 336 2315 480 2379; x_wconf 89' lang='lat' dir='ltr'><strong>moribus</strong></span> <span class='ocrx_word' id='word_1_184' title='bbox 499 2336 651 2378; x_wconf 87' lang='lat' dir='ltr'><strong>maxuma</strong></span> <span class='ocrx_word' id='word_1_185' title='bbox 669 2336 725 2397; x_wconf 87' lang='lat' dir='ltr'><strong>spe</strong></span> <span class='ocrx_word' id='word_1_186' title='bbox 750 2313 798 2378; x_wconf 91' lang='lat' dir='ltr'><strong>rei</strong></span> <span class='ocrx_word' id='word_1_187' title='bbox 816 2314 964 2397; x_wconf 88' lang='lat' dir='ltr'><strong>publicae</strong></span> <span class='ocrx_word' id='word_1_188' title='bbox 982 2315 1074 2379; x_wconf 88' lang='lat' dir='ltr'><strong>iuxta</strong></span> 
     </span>
     <span class='ocr_line' id='line_1_25' title="bbox 71 2401 1109 2486; baseline 0 -20"><span class='ocrx_word' id='word_1_189' title='bbox 71 2424 109 2466; x_wconf 87' lang='lat' dir='ltr'><strong>ac</strong></span> <span class='ocrx_word' id='word_1_190' title='bbox 132 2403 195 2466; x_wconf 89' lang='lat' dir='ltr'><strong>sibi</strong></span> <span class='ocrx_word' id='word_1_191' title='bbox 218 2403 426 2466; x_wconf 87' lang='lat' dir='ltr'><strong>consuluisse.</strong></span> <span class='ocrx_word' id='word_1_192' title='bbox 458 2406 627 2486; x_wconf 89' lang='lat' dir='ltr'><strong>praeterea</strong></span> <span class='ocrx_word' id='word_1_193' title='bbox 650 2423 788 2485; x_wconf 90' lang='lat' dir='ltr'><strong>quorum</strong></span> <span class='ocrx_word' id='word_1_194' title='bbox 810 2402 947 2466; x_wconf 89' lang='lat' dir='ltr'><strong>victoria</strong></span> <span class='ocrx_word' id='word_1_195' title='bbox 966 2401 1074 2467; x_wconf 80' lang='lat' dir='ltr'><strong>Sullae</strong></span> <span class='ocrx_word' id='word_1_196' title='bbox 1093 2419 1109 2466; x_wconf 83' lang='grc'><strong>1</strong></span> 
     </span>
     <span class='ocr_line' id='line_1_26' title="bbox 69 2490 1075 2575; baseline 0.001 -22"><span class='ocrx_word' id='word_1_197' title='bbox 69 2493 221 2573; x_wconf 86' lang='lat' dir='ltr'><strong>parentes</strong></span> <span class='ocrx_word' id='word_1_198' title='bbox 243 2491 433 2574; x_wconf 80' lang='lat' dir='ltr'><strong>proscripti,</strong></span> <span class='ocrx_word' id='word_1_199' title='bbox 460 2491 546 2555; x_wconf 90' lang='lat' dir='ltr'><strong>bona</strong></span> <span class='ocrx_word' id='word_1_200' title='bbox 573 2494 697 2575; x_wconf 89' lang='lat' dir='ltr'><strong>erepta,</strong></span> <span class='ocrx_word' id='word_1_201' title='bbox 723 2491 774 2554; x_wconf 88' lang='lat' dir='ltr'><strong>ius</strong></span> <span class='ocrx_word' id='word_1_202' title='bbox 797 2490 960 2554; x_wconf 90' lang='lat' dir='ltr'><strong>libertatis</strong></span> <span class='ocrx_word' id='word_1_203' title='bbox 983 2490 1075 2554; x_wconf 90' lang='lat' dir='ltr'><strong>inmi-</strong></span> 
     </span>
     <span class='ocr_line' id='line_1_27' title="bbox 70 2577 1075 2662; baseline -0.001 -21"><span class='ocrx_word' id='word_1_204' title='bbox 70 2582 186 2641; x_wconf 91' lang='lat' dir='ltr'><strong>nutum</strong></span> <span class='ocrx_word' id='word_1_205' title='bbox 209 2581 292 2662; x_wconf 88' lang='lat' dir='ltr'><strong>erat,</strong></span> <span class='ocrx_word' id='word_1_206' title='bbox 318 2578 404 2642; x_wconf 92' lang='lat' dir='ltr'><strong>haud</strong></span> <span class='ocrx_word' id='word_1_207' title='bbox 428 2599 504 2642; x_wconf 89' lang='lat' dir='ltr'><strong>sanc</strong></span> <span class='ocrx_word' id='word_1_208' title='bbox 528 2579 592 2642; x_wconf 92' lang='lat' dir='ltr'><strong>alio</strong></span> <span class='ocrx_word' id='word_1_209' title='bbox 616 2578 723 2642; x_wconf 90' lang='lat' dir='ltr'><strong>animo</strong></span> <span class='ocrx_word' id='word_1_210' title='bbox 750 2577 829 2641; x_wconf 88' lang='lat' dir='ltr'><strong>belli</strong></span> <span class='ocrx_word' id='word_1_211' title='bbox 852 2582 1002 2641; x_wconf 86' lang='lat' dir='ltr'><strong>eventum</strong></span> <span class='ocrx_word' id='word_1_212' title='bbox 1025 2600 1075 2640; x_wconf 89' lang='lat' dir='ltr'><strong>ex-</strong></span> 
     </span>
     <span class='ocr_line' id='line_1_28' title="bbox 70 2665 1127 2750; baseline 0 -21"><span class='ocrx_word' id='word_1_213' title='bbox 70 2666 253 2748; x_wconf 88' lang='lat' dir='ltr'><strong>pectabant.</strong></span> <span class='ocrx_word' id='word_1_214' title='bbox 299 2666 339 2730; x_wconf 92' lang='lat' dir='ltr'><strong>ad</strong></span> <span class='ocrx_word' id='word_1_215' title='bbox 361 2665 424 2729; x_wconf 90' lang='lat' dir='ltr'><strong>hoc</strong></span> <span class='ocrx_word' id='word_1_216' title='bbox 446 2667 639 2750; x_wconf 90' lang='lat' dir='ltr'><strong>quicumque</strong></span> <span class='ocrx_word' id='word_1_217' title='bbox 664 2665 800 2728; x_wconf 90' lang='lat' dir='ltr'><strong>aliarum</strong></span> <span class='ocrx_word' id='word_1_218' title='bbox 823 2668 920 2746; x_wconf 89' lang='lat' dir='ltr'><strong>atque</strong></span> <span class='ocrx_word' id='word_1_219' title='bbox 944 2668 1074 2727; x_wconf 89' lang='lat' dir='ltr'><strong>senatus</strong></span> <span class='ocrx_word' id='word_1_220' title='bbox 1095 2681 1127 2730; x_wconf 91' lang='lat'><strong>10</strong></span> 
     </span>
     <span class='ocr_line' id='line_1_29' title="bbox 71 2751 1074 2837; baseline -0.001 -21"><span class='ocrx_word' id='word_1_221' title='bbox 71 2752 214 2835; x_wconf 89' lang='lat' dir='ltr'><strong>partium</strong></span> <span class='ocrx_word' id='word_1_222' title='bbox 237 2758 338 2837; x_wconf 89' lang='lat' dir='ltr'><strong>erant,</strong></span> <span class='ocrx_word' id='word_1_223' title='bbox 361 2754 547 2818; x_wconf 90' lang='lat' dir='ltr'><strong>conturbari</strong></span> <span class='ocrx_word' id='word_1_224' title='bbox 570 2774 639 2816; x_wconf 89' lang='lat' dir='ltr'><strong>rem</strong></span> <span class='ocrx_word' id='word_1_225' title='bbox 661 2751 825 2834; x_wconf 89' lang='lat' dir='ltr'><strong>publicam</strong></span> <span class='ocrx_word' id='word_1_226' title='bbox 848 2772 945 2833; x_wconf 90' lang='lat' dir='ltr'><strong>quam</strong></span> <span class='ocrx_word' id='word_1_227' title='bbox 967 2752 1074 2815; x_wconf 90' lang='lat' dir='ltr'><strong>minus</strong></span> 
     </span>
     <span class='ocr_line' id='line_1_30' title="bbox 71 2838 1125 2924; baseline -0.001 -20"><span class='ocrx_word' id='word_1_228' title='bbox 71 2841 177 2904; x_wconf 84' lang='lat' dir='ltr'><strong>valere</strong></span> <span class='ocrx_word' id='word_1_229' title='bbox 204 2841 269 2924; x_wconf 89' lang='lat' dir='ltr'><strong>ipsi</strong></span> <span class='ocrx_word' id='word_1_230' title='bbox 300 2841 474 2905; x_wconf 90' lang='lat' dir='ltr'><strong>malebant.</strong></span> <span class='ocrx_word' id='word_1_231' title='bbox 519 2841 554 2905; x_wconf 94' lang='lat' dir='ltr'><strong>id</strong></span> <span class='ocrx_word' id='word_1_232' title='bbox 580 2841 660 2904; x_wconf 85' lang='lat' dir='ltr'><strong>adeo</strong></span> <span class='ocrx_word' id='word_1_233' title='bbox 693 2840 815 2902; x_wconf 89' lang='lat' dir='ltr'><strong>malum</strong></span> <span class='ocrx_word' id='word_1_234' title='bbox 846 2838 967 2903; x_wconf 92' lang='lat' dir='ltr'><strong>multos</strong></span> <span class='ocrx_word' id='word_1_235' title='bbox 999 2843 1075 2923; x_wconf 89' lang='lat' dir='ltr'><strong>post</strong></span> <span class='ocrx_word' id='word_1_236' title='bbox 1095 2856 1125 2903; x_wconf 89' lang='lat'><strong>11</strong></span> 
     </span>
     <span class='ocr_line' id='line_1_31' title="bbox 72 2927 1126 3011; baseline 0 -19"><span class='ocrx_word' id='word_1_237' title='bbox 72 2950 172 2993; x_wconf 91' lang='lat' dir='ltr'><strong>annos</strong></span> <span class='ocrx_word' id='word_1_238' title='bbox 204 2928 239 2992; x_wconf 91' lang='lat' dir='ltr'><strong>in</strong></span> <span class='ocrx_word' id='word_1_239' title='bbox 271 2929 438 2993; x_wconf 86' lang='lat' dir='ltr'><strong>civitatem</strong></span> <span class='ocrx_word' id='word_1_240' title='bbox 468 2931 658 2993; x_wconf 86' lang='lat' dir='ltr'><strong>revorterat.</strong></span> <span class='ocrx_word' id='word_1_241' title='bbox 706 2949 783 2991; x_wconf 91' lang='lat' dir='ltr'><strong>nam</strong></span> <span class='ocrx_word' id='word_1_242' title='bbox 814 2931 989 3011; x_wconf 88' lang='lat' dir='ltr'><strong>postquam</strong></span> <span class='ocrx_word' id='word_1_243' title='bbox 1019 2927 1126 2992; x_wconf 75' lang='grc'><strong>01138</strong></span> 
     </span>
     <span class='ocr_line' id='line_1_32' title="bbox 71 3014 1074 3099; baseline 0 -21"><span class='ocrx_word' id='word_1_244' title='bbox 71 3014 226 3099; x_wconf 90' lang='lat' dir='ltr'><strong>Pompeio</strong></span> <span class='ocrx_word' id='word_1_245' title='bbox 249 3021 283 3080; x_wconf 91' lang='lat' dir='ltr'><strong>et</strong></span> <span class='ocrx_word' id='word_1_246' title='bbox 305 3016 348 3080; x_wconf 92' lang='lat' dir='ltr'><strong>M.</strong></span> <span class='ocrx_word' id='word_1_247' title='bbox 372 3015 489 3082; x_wconf 77' lang='lat' dir='ltr'><strong>Crasso</strong></span> <span class='ocrx_word' id='word_1_248' title='bbox 517 3015 703 3081; x_wconf 90' lang='lat' dir='ltr'><strong>consulibus</strong></span> <span class='ocrx_word' id='word_1_249' title='bbox 731 3014 906 3079; x_wconf 85' lang='lat' dir='ltr'><strong>tribunicia</strong></span> <span class='ocrx_word' id='word_1_250' title='bbox 928 3019 1074 3098; x_wconf 87' lang='lat' dir='ltr'><strong>potestas</strong></span> 
     </span>
     <span class='ocr_line' id='line_1_33' title="bbox 71 3104 1075 3188; baseline -0.002 -22"><span class='ocrx_word' id='word_1_251' title='bbox 71 3104 226 3167; x_wconf 87' lang='lat' dir='ltr'><strong>restituta</strong></span> <span class='ocrx_word' id='word_1_252' title='bbox 247 3108 310 3188; x_wconf 90' lang='lat' dir='ltr'><strong>est,</strong></span> <span class='ocrx_word' id='word_1_253' title='bbox 336 3104 484 3169; x_wconf 89' lang='lat' dir='ltr'><strong>homines</strong></span> <span class='ocrx_word' id='word_1_254' title='bbox 509 3104 694 3167; x_wconf 86' lang='lat' dir='ltr'><strong>adolescent</strong></span> <span class='ocrx_word' id='word_1_255' title='bbox 680 3108 730 3168; x_wconf 88' lang='lat' dir='ltr'><strong>tes</strong></span> <span class='ocrx_word' id='word_1_256' title='bbox 754 3125 915 3168; x_wconf 88' lang='lat' dir='ltr'><strong>summam</strong></span> <span class='ocrx_word' id='word_1_257' title='bbox 932 3107 1075 3186; x_wconf 89' lang='lat' dir='ltr'><strong>potesta-</strong></span> 
     </span>
     <span class='ocr_line' id='line_1_34' title="bbox 72 3155 1074 3341; baseline -0.001 -88"><span class='ocrx_word' id='word_1_258' title='bbox 72 3195 139 3254; x_wconf 87' lang='lat' dir='ltr'><strong>tem</strong></span> <span class='ocrx_word' id='word_1_259' title='bbox 160 3195 236 3256; x_wconf 88' lang='lat' dir='ltr'><strong>nact</strong></span> <span class='ocrx_word' id='word_1_260' title='bbox 237 3192 258 3274; x_wconf 91' lang='lat' dir='ltr'><strong>i,</strong></span> <span class='ocrx_word' id='word_1_261' title='bbox 282 3155 398 3276; x_wconf 79' lang='lat' dir='ltr'><strong>qiiibus</strong></span> <span class='ocrx_word' id='word_1_262' title='bbox 418 3196 508 3256; x_wconf 89' lang='lat' dir='ltr'><strong>aetas</strong></span> <span class='ocrx_word' id='word_1_263' title='bbox 523 3191 725 3341; x_wconf 78' lang='lat' dir='ltr'><strong>animusquet</strong></span> <span class='ocrx_word' id='word_1_264' title='bbox 731 3191 822 3255; x_wconf 88' lang='lat' dir='ltr'><strong>ferox</strong></span> <span class='ocrx_word' id='word_1_265' title='bbox 841 3194 910 3253; x_wconf 89' lang='lat' dir='ltr'><strong>erat</strong></span> <span class='ocrx_word' id='word_1_266' title='bbox 910 3211 1074 3272; x_wconf 88' lang='lat' dir='ltr'><strong>,coepere</strong></span> 
     </span>
    </p>
   </div>
   <div class='ocr_carea' id='block_1_3' title="bbox 70 3241 1109 3626">
    <p class='ocr_par' dir='ltr' id='par_1_3' title="bbox 70 3241 1074 3626">
     <span class='ocr_line' id='line_1_35' title="bbox 72 3241 1074 3379; baseline -0.002 -37"><span class='ocrx_word' id='word_1_267' title='bbox 72 3281 220 3342; x_wconf 80' lang='lat' dir='ltr'><strong>senatum</strong></span> <span class='ocrx_word' id='word_1_268' title='bbox 243 3279 442 3344; x_wconf 89' lang='lat' dir='ltr'><strong>criminando</strong></span> <span class='ocrx_word' id='word_1_269' title='bbox 465 3280 594 3379; x_wconf 90' lang='lat' dir='ltr'><strong>plebem</strong></span> <span class='ocrx_word' id='word_1_270' title='bbox 616 3279 725 3364; x_wconf 84' lang='lat' dir='ltr'><strong>exagit</strong></span> <span class='ocrx_word' id='word_1_271' title='bbox 726 3300 790 3360; x_wconf 89' lang='lat' dir='ltr'><strong>are,</strong></span> <span class='ocrx_word' id='word_1_272' title='bbox 813 3277 887 3341; x_wconf 91' lang='lat' dir='ltr'><strong>dein</strong></span> <span class='ocrx_word' id='word_1_273' title='bbox 904 3241 1074 3361; x_wconf 81' lang='lat' dir='ltr'><strong>largiundo</strong></span> 
     </span>
     <span class='ocr_line' id='line_1_36' title="bbox 70 3328 1076 3453; baseline -0.001 -24"><span class='ocrx_word' id='word_1_274' title='bbox 70 3370 168 3449; x_wconf 88' lang='lat' dir='ltr'><strong>atque</strong></span> <span class='ocrx_word' id='word_1_275' title='bbox 191 3367 318 3450; x_wconf 88' lang='lat' dir='ltr'><strong>pollicit</strong></span> <span class='ocrx_word' id='word_1_276' title='bbox 304 3368 402 3432; x_wconf 93' lang='lat' dir='ltr'><strong>tando</strong></span> <span class='ocrx_word' id='word_1_277' title='bbox 425 3368 530 3453; x_wconf 83' lang='lat' dir='ltr'><strong>magis</strong></span> <span class='ocrx_word' id='word_1_278' title='bbox 553 3367 735 3449; x_wconf 87' lang='lat' dir='ltr'><strong>incendere,</strong></span> <span class='ocrx_word' id='word_1_279' title='bbox 761 3328 841 3428; x_wconf 85' lang='grc'><strong>111’</strong></span> <span class='ocrx_word' id='word_1_280' title='bbox 832 3364 896 3447; x_wconf 81' lang='lat' dir='ltr'><strong>ipsi</strong></span> <span class='ocrx_word' id='word_1_281' title='bbox 919 3363 998 3427; x_wconf 89' lang='lat' dir='ltr'><strong>clari</strong></span> <span class='ocrx_word' id='word_1_282' title='bbox 1020 3386 1076 3447; x_wconf 93' lang='lat' dir='ltr'><strong>po-</strong></span> 
     </span>
     <span class='ocr_line' id='line_1_37' title="bbox 70 3451 1109 3537; baseline -0.001 -20"><span class='ocrx_word' id='word_1_283' title='bbox 70 3458 240 3537; x_wconf 85' lang='lat' dir='ltr'><strong>tentesque</strong></span> <span class='ocrx_word' id='word_1_284' title='bbox 258 3455 338 3518; x_wconf 89' lang='lat' dir='ltr'><strong>fieri.</strong></span> <span class='ocrx_word' id='word_1_285' title='bbox 371 3459 446 3520; x_wconf 93' lang='lat' dir='ltr'><strong>cont</strong></span> <span class='ocrx_word' id='word_1_286' title='bbox 448 3477 484 3519; x_wconf 92' lang='lat' dir='ltr'><strong>ra</strong></span> <span class='ocrx_word' id='word_1_287' title='bbox 498 3477 553 3519; x_wconf 89' lang='lat' dir='ltr'><strong>eos</strong></span> <span class='ocrx_word' id='word_1_288' title='bbox 572 3476 699 3518; x_wconf 89' lang='lat' dir='ltr'><strong>summa</strong></span> <span class='ocrx_word' id='word_1_289' title='bbox 712 3474 772 3535; x_wconf 90' lang='lat' dir='ltr'><strong>ope</strong></span> <span class='ocrx_word' id='word_1_290' title='bbox 790 3455 840 3515; x_wconf 89' lang='lat' dir='ltr'><strong>mt</strong></span> <span class='ocrx_word' id='word_1_291' title='bbox 815 3451 956 3514; x_wconf 79' lang='lat' dir='ltr'><strong>‘ebatur</strong></span> <span class='ocrx_word' id='word_1_292' title='bbox 973 3452 1109 3534; x_wconf 79' lang='lat' dir='ltr'><strong>plera-a</strong></span> 
     </span>
     <span class='ocr_line' id='line_1_38' title="bbox 70 3538 1074 3626; baseline -0.001 -20"><span class='ocrx_word' id='word_1_293' title='bbox 70 3563 132 3625; x_wconf 89' lang='lat' dir='ltr'><strong>que</strong></span> <span class='ocrx_word' id='word_1_294' title='bbox 167 3542 324 3607; x_wconf 87' lang='lat' dir='ltr'><strong>nobilitas</strong></span> <span class='ocrx_word' id='word_1_295' title='bbox 356 3547 487 3607; x_wconf 87' lang='lat' dir='ltr'><strong>senatus</strong></span> <span class='ocrx_word' id='word_1_296' title='bbox 520 3542 625 3626; x_wconf 88' lang='lat' dir='ltr'><strong>specie</strong></span> <span class='ocrx_word' id='word_1_297' title='bbox 660 3562 720 3623; x_wconf 91' lang='lat' dir='ltr'><strong>pro</strong></span> <span class='ocrx_word' id='word_1_298' title='bbox 753 3561 812 3604; x_wconf 84' lang='lat' dir='ltr'><strong>sua</strong></span> <span class='ocrx_word' id='word_1_299' title='bbox 843 3538 954 3624; x_wconf 85' lang='lat' dir='ltr'><strong>magni</strong></span> <span class='ocrx_word' id='word_1_300' title='bbox 955 3539 1074 3605; x_wconf 91' lang='lat' dir='ltr'><strong>tudine.</strong></span> 
     </span>
    </p>
   </div>
   <div class='ocr_carea' id='block_1_4' title="bbox 0 0 1276 4192">
    <p class='ocr_par' dir='ltr' id='par_1_4' title="bbox 0 0 1276 4192">
     <span class='ocr_line' id='line_1_39' title="bbox 0 0 1276 4192; baseline 0 0"><span class='ocrx_word' id='word_1_301' title='bbox 0 0 1276 4192; x_wconf 95' lang='lat' dir='ltr'><strong> </strong></span> 
     </span>
    </p>
   </div>
  </div>
 </body>
</html>
