2542 4192
1 633 11 685 l

231 262 273 324 14
561 261 588 317 C.
610 261 778 317 SALLUSTI
797 261 911 317 CRISPI

178 406 221 469 23
321 404 383 470 Sed
402 406 493 470 inea
512 407 733 471 coniuratione
752 406 815 470 fuit
835 406 872 482 Q.
886 404 1012 489 Curius,
1034 409 1131 470 natus
1152 406 1241 471 haud

233 494 371 558 obscuro
403 494 492 578 loco,
525 493 660 579 flagitiis
696 498 793 577 atque
825 493 1023 558 facinoribus
1057 498 1241 578 coopertus,

196 597 329 665 aquem
353 603 501 646 censores
530 585 644 646 senatu
666 582 779 665 probri
807 581 914 666 gratia
941 584 1118 645 moverant.
1162 583 1241 647 huic

230 669 356 738 homini
373 691 440 733 non
458 669 565 734 minor
582 669 709 734 vanitas
727 669 834 734 inerat
853 691 950 752 quam
969 669 1116 732 audacia:
1134 691 1242 753 neque

232 758 367 821 reticere
391 779 473 840 quae
497 758 652 841 audierat,
674 778 779 840 neque
803 761 930 822 suamet
952 756 1022 839 ipse
1044 757 1166 821 scelera
1189 780 1242 822 oc·

232 846 369 929 culture,
395 867 530 928 prorsus
552 866 655 928 neque
679 845 783 909 dicere
805 866 909 928 neque
931 843 1037 908 facere
1065 846 1240 929 quicquam

198 933 324 1017 apensi
350 932 502 997 habebat.
549 937 619 996 erat
642 933 671 996 ei
699 954 772 996 cum
796 932 928 1015 Fulvia,
960 933 1094 996 muliere
1125 933 1244 1018 nobili,

233 1020 338 1104 stupri
360 1025 454 1086 vetus
478 1021 684 1085 consuetudo,
713 1020 765 1084 cui
788 1042 861 1084 cum
884 1020 990 1084 minus
1014 1024 1127 1105 gratus
1143 1026 1244 1105 esset,

233 1109 310 1192 quia
335 1109 447 1192 inopia
473 1109 580 1173 minus
612 1108 728 1192 largiri
753 1111 897 1191 poterat,
928 1111 1061 1191 repente
1093 1108 1243 1193 glorians

232 1197 335 1261 maria
358 1196 542 1280 montisque
565 1196 712 1279 polliceri
736 1196 844 1278 coepit
871 1200 904 1259 et
931 1196 1048 1259 minari
1075 1196 1240 1259 interdum

232 1285 328 1368 ferro,
349 1285 385 1347 ni
403 1284 467 1347 sibi
485 1283 625 1349 obnoxia
642 1284 742 1366 foret,
763 1287 929 1366 postremo
948 1282 1088 1348 ferocius
1112 1285 1244 1368 agitare

197 1387 214 1433 4
234 1393 332 1456 quam
356 1371 472 1436 solitus
496 1376 575 1436 erat.
622 1376 657 1436 at
679 1372 794 1436 Fulvia
821 1371 1013 1436 insolentiae
1036 1370 1114 1436 Curi
1141 1392 1245 1435 causa

233 1460 410 1544 cognitat
396 1460 461 1523 tale
493 1460 672 1543 periculum
703 1460 751 1524 rei
777 1459 925 1543 publicae
956 1460 1044 1524 haud
1076 1459 1181 1524 occult
1182 1481 1244 1522 um

232 1548 361 1631 habuit,
386 1550 442 1613 sed
465 1548 573 1613 sublat
559 1552 594 1612 to
614 1571 672 1614 auc
674 1552 744 1612 tore
768 1549 806 1611 de
830 1546 989 1612 Catilinae
1017 1546 1244 1611 coniuratione

234 1658 315 1719 quae
339 1657 466 1719 quoque
489 1636 585 1698 modo
610 1636 769 1717 audierat,
792 1634 1001 1716 conpluribus
1023 1635 1176 1700 narravit.

198 1738 214 1785 u
299 1722 350 1785 Ea
368 1743 419 1785 res
441 1722 477 1783 in
489 1721 603 1802 primis
628 1721 736 1784 studia
753 1721 922 1784 hominum
941 1721 1087 1786 accendit
1073 1725 1147 1787 tad
1166 1744 1242 1786 oon·

199 1809 377 1874 esulatum
394 1806 668 1871 mandandumM.
682 1807 790 1871 Tullio
805 1805 961 1872 Ciceroni.
970 1829 1123 1958 tnamque
1143 1814 1246 1874 antea

232 1900 387 1979 pleraque
413 1894 568 1959 nobilitas
591 1895 713 1959 invidia
736 1895 968 1977 aestuabo,
952 1895 1106 1977 etquasi
1134 1898 1241 1978 pollui

234 1983 381 2049 consulat
367 1987 438 2047 tum
457 1983 637 2067 credebant,
614 1983 690 2047 tsi
709 2004 782 2046 eum
802 1983 948 2065 quamvis
968 1983 1119 2067 egregius
1138 1983 1245 2050 homo

232 2093 334 2136 noros
358 2073 494 2156 adeptus
521 2071 615 2136 foret.
592 2073 717 2136 tsed
738 2070 796 2134 ubi
818 2071 997 2154 periculum
1020 2071 1202 2156 advenit,
1193 2095 1244 2136 rn-

181 2163 224 2225 24
233 2161 320 2224 vidia
343 2164 440 2244 atque
464 2160 616 2243 superbia
642 2164 717 2243 post
744 2158 843 2223 fuere.
888 2159 990 2243 igitur
1019 2159 1160 2223 comitiis
1182 2160 1245 2224 ha·

233 2248 312 2312 bitis
336 2248 483 2312 consules
511 2247 716 2311 declarantur
738 2246 782 2311 M.
804 2247 929 2311 Tullius
953 2249 987 2310 et
1009 2244 1043 2310 C.
1066 2246 1244 2313 Antonius,

235 2335 320 2419 quod
334 2334 457 2399 factum
475 2335 581 2416 primo
595 2336 762 2418 popularis
777 2334 1009 2400 coniurationis
1024 2340 1242 2400 concusserat.

198 2441 214 2488 a
232 2443 337 2505 neque
360 2425 470 2485 tamen
493 2420 652 2486 Catilinae
679 2422 770 2486 furor
792 2423 1011 2504 minuebatur,
1036 2423 1091 2486 sed
1113 2423 1148 2486 in
1170 2425 1243 2488 dies

233 2510 328 2593 plura
351 2509 492 2594 agitare:
516 2530 605 2572 arma
632 2530 690 2593 per
711 2508 844 2573 Italiam
866 2510 947 2574 locis
971 2511 1163 2592 opportunis
1185 2534 1243 2596 pa·

234 2619 315 2680 rare,
337 2597 508 2680 pecuniam
531 2618 590 2660 sua
613 2601 670 2661 aut
693 2597 870 2662 amicorum
899 2597 961 2662 fide
985 2603 1150 2681 sumptam
1172 2621 1241 2663 mu·

234 2691 325 2751 tuam
336 2685 491 2750 Faesulas
507 2686 547 2749 ad
556 2684 714 2749 Manlium
728 2687 887 2769 quendam
900 2690 1041 2769 portare,
1055 2686 1111 2768 qui
1124 2691 1243 2769 postea

199 2775 384 2858 aprinceps
411 2773 474 2837 fuit
501 2773 579 2837 belli
606 2773 756 2838 faciundi.
802 2796 840 2838 ea
862 2777 1056 2856 tempestate
1083 2784 1242 2860 plurumos

236 2863 389 2944 cuiusque
413 2861 541 2947 generis
563 2861 711 2926 homines
735 2862 908 2927 adscivisse
932 2861 995 2925 sibi
1018 2861 1149 2945 dicitur,
1173 2885 1243 2926 mu·

234 2951 329 3013 lieres
362 2949 462 3013 etiam
494 2949 633 3033 aliquot,
665 2971 746 3033 quae
775 2950 881 3033 primo
914 2949 1057 3034 ingentis
1089 2955 1243 3033 sumptus

236 3041 349 3119 stupro
374 3036 519 3119 corporis
547 3037 779 3121 toleraverant,
805 3041 881 3120 post
907 3037 965 3100 ubi
993 3041 1083 3101 aetas
1110 3042 1241 3102 tantum

235 3125 331 3189 modo
365 3123 514 3208 quaestui
540 3145 644 3209 neque
675 3125 821 3190 luxuriae
853 3126 986 3189 modum
1018 3125 1153 3210 fecerat,
1186 3148 1242 3190 aes

199 3229 217 3277 4
237 3213 377 3278 alienum
401 3212 522 3297 grande
546 3213 771 3278 conflaverant.
803 3234 861 3296 per
879 3235 933 3277 eas
957 3235 991 3277 se
1011 3211 1153 3284 Catilina
1176 3235 1242 3278 cre·

235 3303 333 3366 debat
346 3322 442 3386 posse
457 3301 591 3365 servitia
603 3302 728 3366 urbana
742 3301 926 3384 sollicitare,
940 3300 1054 3365 urbem
1063 3301 1243 3387 incendere,

234 3390 322 3454 viros
346 3411 456 3453 earum
479 3389 529 3452 vel
553 3388 726 3473 adiungere
750 3389 814 3453 sibi
836 3390 887 3453 111
910 3389 1101 3453 interficere.

182 3477 225 3540 25
303 3476 365 3542 Sed
387 3478 423 3540 in
445 3477 492 3540 eis
516 3480 586 3540 erat
610 3475 813 3561 Sempronia,
841 3499 932 3563 quae,
951 3477 1055 3541 multa
1079 3500 1173 3561 saepe
1196 3478 1243 3541 11·

200 3579 216 3627 2
235 3564 306 3627 rilis
325 3564 477 3628 audaciae
495 3563 640 3628 facinora
659 3565 863 3629 conmiserat.
894 3566 974 3630 haec
992 3565 1110 3630 mulier
1123 3587 1245 3650 genere
