2542 4192
289 263 434 319 BELLUM
453 263 712 322 IUGURTHINUM
730 283 752 322 a.
767 273 862 323 7-10.
1033 269 1076 332 47

68 409 175 474 virtus
207 409 288 492 fuit,
320 431 419 492 quam
450 432 519 474 rem
546 411 608 475 tibi
638 414 727 476 certo
757 411 824 475 seio
853 412 969 497 gaudio
998 434 1077 477 esse.

68 496 164 563 nobis
194 497 235 561 ob
263 497 381 561 merita
413 519 471 562 sua
499 519 592 562 carus
621 503 684 563 est:
715 503 753 562 ut
780 498 866 562 idem
893 501 1021 564 senatui
1044 505 1080 564 et

69 584 191 670 populo
211 583 360 649 Romano
380 585 433 670 sit,
457 607 583 650 summa
606 608 666 669 ope
684 586 833 650 nitemur.
867 586 928 651 tibi
948 588 1078 670 quidem

68 694 130 757 pro
153 675 268 736 nostra
290 672 436 737 amicitia
458 675 614 759 gratulor.
646 695 687 738 en
703 673 804 737 habes
819 673 925 739 virum
943 675 1078 761 dignum

69 765 104 824 te
128 764 225 842 atque
249 780 309 824 avo
333 781 392 826 suo
417 759 612 826 Masinissa?

137 847 246 932 Igitur
268 868 338 932 rex,
365 848 422 912 ubi
446 870 496 932 ea,
529 871 609 933 quae
639 848 727 912 fama
754 854 936 933 acceperat,
965 873 1004 915 ex
1026 851 1116 916 lit-3

69 935 151 1000 teris
173 934 381 1019 imperatoris
403 936 452 999 ita
474 957 544 1000 esse
568 936 735 1022 cognorit,
762 959 835 1002 eum
862 938 984 1002 virtute
1008 944 1079 1003 tum

71 1022 178 1108 gratia
191 1022 254 1086 viri
277 1027 444 1106 permotus
463 1024 553 1087 flexit
572 1025 716 1088 animum
730 1045 825 1088 suurn
839 1027 872 1088 et
884 1024 1079 1110 Iugurtham

70 1109 229 1175 benifieiis
252 1110 379 1174 vincere
402 1131 575 1196 aggressus
599 1115 662 1195 est,
686 1113 863 1195 statimque
887 1134 960 1176 eum
983 1115 1079 1197 adop·

71 1198 155 1262 tavit
173 1201 206 1262 et
225 1201 422 1263 testamento
441 1198 564 1283 pariter
578 1222 652 1264 aum
665 1200 742 1263 filiis
756 1199 908 1264 heredem
924 1200 1078 1266 instituit.

139 1283 202 1350 Sed
224 1285 294 1369 ipse
320 1307 441 1368 paucos
468 1290 545 1369 post
573 1308 674 1351 annos
702 1288 816 1351 morbo
846 1291 943 1371 atque
972 1293 1117 1353 aetatelt

71 1373 238 1438 eonfeatus
270 1394 344 1437 eum
376 1373 440 1437 sibi
470 1374 568 1438 finem
599 1375 686 1438 vitae
719 1375 829 1439 adesse
865 1376 1079 1462 intellegeret,

71 1482 182 1526 eoram
201 1460 313 1526 amieis
328 1464 361 1525 et
377 1461 524 1546 cognatis
538 1462 682 1544 itemque
697 1461 881 1526 Adherbale
900 1468 933 1528 et
947 1464 1079 1548 Hiemp-

71 1549 139 1614 sale
166 1548 243 1612 filiis
272 1547 390 1612 dieitur
417 1548 551 1613 huiusce
579 1549 666 1613 modi
693 1550 792 1613 verba
819 1571 893 1614 eum
920 1549 1081 1636 Iugurtha

69 1637 239 1701 habuisse:

138 1723 289 1789 ‘Parvom
311 1746 384 1810 ego,
411 1725 583 1811 Iugurtha,
610 1729 643 1789 te
667 1726 787 1790 amisso
810 1730 902 1810 patre
931 1727 1000 1791 sine
1024 1749 1079 1812 spe
1092 1728 1136 1793 10
1206 1793 1210 1802 ,

71 1813 141 1877 sine
165 1813 280 1896 opibus
303 1813 339 1876 in
361 1834 497 1898 regnum
518 1835 632 1895 meum
650 1813 767 1897 aeeepi,
791 1813 990 1879 existumans
1013 1839 1080 1881 non

71 1900 178 1964 minus
202 1921 253 1963 me
277 1900 348 1984 tibi,
372 1922 469 1983 quam
494 1901 641 1982 [liberis]
657 1902 686 1965 si
709 1901 902 1987 genuissem,
926 1904 967 1967 ob
992 1905 1080 1967 beni-

70 1988 146 2053 ficia
173 2009 283 2052 earum
314 1987 392 2053 fore.
436 2010 541 2072 neque
574 2010 611 2052 ea
642 2010 695 2053 res
727 1988 847 2051 falsum
874 2011 926 2053 me
953 1991 1078 2054 habuit.

69 2097 160 2158 nam,
188 2079 226 2139 ut
249 2075 314 2139 alia
336 2096 455 2161 magna
481 2080 515 2139 et
538 2076 669 2161 egregia
698 2080 755 2140 tua
779 2076 943 2158 omittam,
973 2078 1116 2141 novis-2

72 2185 163 2228 sume
198 2162 325 2227 rediens
362 2162 541 2227 Numantia
582 2183 696 2244 meque
733 2182 933 2246 regnumque
970 2185 1079 2227 meum

71 2250 177 2336 gloria
202 2250 404 2315 honoravisti
431 2255 551 2333 tuaque
578 2250 699 2314 virtute
726 2249 821 2314 nobis
850 2249 1015 2314 Romanos
1040 2272 1079 2314 ex

71 2338 184 2403 amieis
207 2339 431 2403 amicissumos
455 2337 571 2402 fecisti.
607 2337 643 2402 in
664 2336 825 2420 Hispania
846 2359 966 2403 nomen
987 2338 1080 2403 fami·

70 2426 134 2490 liae
147 2430 338 2491 renovatum
351 2430 410 2491 est.
432 2430 607 2510 postremo,
631 2426 717 2509 quod
735 2425 974 2491 difficillumum
992 2427 1080 2492 inter

72 2513 220 2579 mortalis
243 2517 303 2597 est,
326 2514 431 2598 gloria
453 2514 608 2578 invidiam
631 2513 747 2578 vicisti.

136 2600 241 2684 Nune,
265 2602 417 2685 quoniam
440 2602 520 2665 mihi
542 2606 661 2666 natura
682 2602 780 2666 finem
802 2603 889 2666 vitae
908 2602 996 2685 faeit,
1019 2625 1078 2685 per
1096 2618 1113 2666 3

70 2688 155 2754 hane
173 2689 348 2773 dexteram,
370 2711 428 2773 per
445 2690 538 2774 regni
557 2691 654 2754 fidem
672 2710 787 2753 moneo
808 2689 1017 2772 obtestorque
1036 2694 1079 2775 te,

72 2777 123 2840 uti
136 2778 208 2860 hos,
227 2777 281 2860 qui
301 2777 364 2841 tibi
377 2797 494 2862 genere
507 2777 691 2861 propinqui,
709 2775 859 2841 benificia
874 2798 946 2840 meo
961 2776 1078 2843 fratres

72 2868 158 2948 sunt,
181 2885 273 2929 aeros
298 2864 419 2930 habeas
447 2887 510 2929 neu
534 2864 628 2928 malis
649 2863 771 2928 alienos
791 2863 964 2948 adiungere
982 2886 1080 2947 quam

72 2952 228 3037 sanguine
261 2953 450 3017 eoniunetos
482 2953 631 3016 retinere.
685 2973 751 3017 non
782 2952 942 3016 exereitus
973 2968 1117 3036 nequer

70 3039 217 3105 thesauri
234 3040 397 3124 praesidia
414 3041 507 3125 regni
521 3043 606 3124 sunt,
628 3061 741 3104 verum
755 3039 859 3122 amiei,
880 3061 961 3122 quos
974 3063 1078 3124 neque

72 3127 170 3192 armis
195 3147 310 3212 eogere
332 3149 436 3211 neque
460 3148 539 3191 auro
561 3149 676 3210 parare
700 3149 811 3210 queas:
836 3127 944 3192 officio
964 3132 997 3192 et
1015 3129 1078 3191 fide

70 3215 250 3298 pariuntur.
295 3215 367 3298 quis
396 3219 505 3280 autem
537 3215 672 3279 amicior
704 3237 801 3298 quam
832 3214 935 3279 frater
961 3214 1116 3278 fratrilu

71 3306 128 3366 aut
146 3325 244 3387 quem
262 3303 403 3367 alienum
421 3302 521 3366 fidum
534 3303 687 3387 invenies,
710 3302 738 3366 si
752 3302 817 3366 tuis
832 3303 938 3365 hostis
956 3301 1079 3366 fueris?

70 3391 220 3473 equidem
252 3410 313 3475 ego
346 3390 439 3456 vobis
472 3411 608 3475 regnum
640 3390 733 3454 trado
766 3390 911 3471 firmum,
944 3388 972 3451 si
999 3389 1116 3455 bonia

36 3536 38 3541 .
70 3478 171 3562 eritis,
195 3478 247 3542 sin
264 3478 351 3561 mali,
374 3477 570 3543 inbecillum.
601 3499 678 3542 nam
697 3475 868 3541 eoncordia
885 3497 1003 3559 parvae
1026 3498 1078 3541 res

70 3569 229 3652 creseunt,
252 3565 413 3631 discordia
435 3587 604 3632 maxumae
627 3564 822 3628 dilabuntur.
