<?xml version="1.0" encoding="UTF-8"?>
<!DOCTYPE html PUBLIC "-//W3C//DTD XHTML 1.0 Transitional//EN"
    "http://www.w3.org/TR/xhtml1/DTD/xhtml1-transitional.dtd">
<html xmlns="http://www.w3.org/1999/xhtml" xml:lang="en" lang="en">
 <head>
  <title>
</title>
<meta http-equiv="Content-Type" content="text/html;charset=utf-8" />
  <meta name='ocr-system' content='tesseract 3.04.00' />
  <meta name='ocr-capabilities' content='ocr_page ocr_carea ocr_par ocr_line ocrx_word'/>
</head>
<body>
  <div class='ocr_page' id='page_1' title='image "./catilinajugurth00sallgoog_0070.png"; bbox 0 0 2542 4192; ppageno 0'>
   <div class='ocr_carea' id='block_1_1' title="bbox 296 235 1067 301">
    <p class='ocr_par' dir='ltr' id='par_1_1' title="bbox 296 235 1067 301">
     <span class='ocr_line' id='line_1_1' title="bbox 296 235 1067 301; baseline 0.016 -12"><span class='ocrx_word' id='word_1_1' title='bbox 296 235 442 291; x_wconf 73' lang='lat' dir='ltr'>namon</span> <span class='ocrx_word' id='word_1_2' title='bbox 460 237 655 292; x_wconf 71' lang='lat' dir='ltr'>CATILINAE</span> <span class='ocrx_word' id='word_1_3' title='bbox 674 254 697 293; x_wconf 79' lang='lat' dir='ltr'>e.</span> <span class='ocrx_word' id='word_1_4' title='bbox 718 244 831 294; x_wconf 74' lang='grc' dir='ltr'>ιιι-ιι.</span> <span class='ocrx_word' id='word_1_5' title='bbox 1026 239 1067 301; x_wconf 83' lang='grc'>41</span> 
     </span>
    </p>
   </div>
   <div class='ocr_carea' id='block_1_2' title="bbox 58 379 1116 2921">
    <p class='ocr_par' dir='ltr' id='par_1_2' title="bbox 58 379 1105 1058">
     <span class='ocr_line' id='line_1_2' title="bbox 58 379 1069 482; baseline 0.004 -40"><span class='ocrx_word' id='word_1_6' title='bbox 58 379 189 443; x_wconf 80' lang='lat' dir='ltr'>hortem</span> <span class='ocrx_word' id='word_1_7' title='bbox 221 380 461 463; x_wconf 76' lang='lat' dir='ltr'>praetoriam</span> <span class='ocrx_word' id='word_1_8' title='bbox 452 405 487 446; x_wconf 92' lang='lat' dir='ltr'>m</span> <span class='ocrx_word' id='word_1_9' title='bbox 513 382 635 446; x_wconf 87' lang='lat' dir='ltr'>medios</span> <span class='ocrx_word' id='word_1_10' title='bbox 662 382 749 446; x_wconf 89' lang='lat' dir='ltr'>host&#39;</span> <span class='ocrx_word' id='word_1_11' title='bbox 725 386 768 446; x_wconf 91' lang='lat' dir='ltr'>t1s</span> <span class='ocrx_word' id='word_1_12' title='bbox 796 382 919 482; x_wconf 76' lang='lat' dir='ltr'>inducit</span> <span class='ocrx_word' id='word_1_13' title='bbox 951 403 1069 465; x_wconf 88' lang='lat' dir='ltr'>eosque</span> 
     </span>
     <span class='ocr_line' id='line_1_3' title="bbox 59 467 1068 551; baseline 0.004 -22"><span class='ocrx_word' id='word_1_14' title='bbox 59 467 272 550; x_wconf 86' lang='lat' dir='ltr'>perturbatos</span> <span class='ocrx_word' id='word_1_15' title='bbox 309 471 407 551; x_wconf 91' lang='lat' dir='ltr'>atque</span> <span class='ocrx_word' id='word_1_16' title='bbox 444 469 526 533; x_wconf 88' lang='lat' dir='ltr'>alios</span> <span class='ocrx_word' id='word_1_17' title='bbox 568 469 647 533; x_wconf 89' lang='lat' dir='ltr'>alibi</span> <span class='ocrx_word' id='word_1_18' title='bbox 682 470 779 533; x_wconf 88' lang='lat' dir='ltr'>resist</span> <span class='ocrx_word' id='word_1_19' title='bbox 781 473 835 533; x_wconf 89' lang='lat' dir='ltr'>ent</span> <span class='ocrx_word' id='word_1_20' title='bbox 836 470 940 533; x_wconf 91' lang='lat' dir='ltr'>ism</span> <span class='ocrx_word' id='word_1_21' title='bbox 905 470 1068 534; x_wconf 89' lang='lat' dir='ltr'>interficit.</span> 
     </span>
     <span class='ocr_line' id='line_1_4' title="bbox 60 554 1105 642; baseline 0.005 -25"><span class='ocrx_word' id='word_1_22' title='bbox 60 554 352 638; x_wconf 88' lang='lat' dir='ltr'>deindetutrimque</span> <span class='ocrx_word' id='word_1_23' title='bbox 372 577 411 619; x_wconf 85' lang='lat' dir='ltr'>ex</span> <span class='ocrx_word' id='word_1_24' title='bbox 429 556 477 620; x_wconf 91' lang='lat' dir='ltr'>lat</span> <span class='ocrx_word' id='word_1_25' title='bbox 478 557 657 621; x_wconf 87' lang='lat' dir='ltr'>oribustcet</span> <span class='ocrx_word' id='word_1_26' title='bbox 659 579 731 622; x_wconf 88' lang='lat' dir='ltr'>eros</span> <span class='ocrx_word' id='word_1_27' title='bbox 750 557 946 642; x_wconf 88' lang='lat' dir='ltr'>aggreditur.</span> <span class='ocrx_word' id='word_1_28' title='bbox 978 557 1068 621; x_wconf 87' lang='lat' dir='ltr'>Man·</span> <span class='ocrx_word' id='word_1_29' title='bbox 1087 573 1105 622; x_wconf 81' lang='grc'><strong>6</strong></span> 
     </span>
     <span class='ocr_line' id='line_1_5' title="bbox 59 641 1102 730; baseline 0.004 -25"><span class='ocrx_word' id='word_1_30' title='bbox 59 643 180 707; x_wconf 91' lang='lat' dir='ltr'>liust</span> <span class='ocrx_word' id='word_1_31' title='bbox 147 646 180 706; x_wconf 91' lang='lat' dir='ltr'>et</span> <span class='ocrx_word' id='word_1_32' title='bbox 204 641 438 707; x_wconf 82' lang='lat' dir='ltr'>Faesulanus</span> <span class='ocrx_word' id='word_1_33' title='bbox 428 666 463 707; x_wconf 93' lang='lat' dir='ltr'>m</span> <span class='ocrx_word' id='word_1_34' title='bbox 484 644 598 728; x_wconf 89' lang='lat' dir='ltr'>primis</span> <span class='ocrx_word' id='word_1_35' title='bbox 616 649 799 730; x_wconf 79' lang='lat' dir='ltr'>pugnantes</span> <span class='ocrx_word' id='word_1_36' title='bbox 818 645 944 709; x_wconf 87' lang='lat' dir='ltr'>cadunt.</span> <span class='ocrx_word' id='word_1_37' title='bbox 981 643 1068 709; x_wconf 78' lang='lat' dir='ltr'>(lati-</span> <span class='ocrx_word' id='word_1_38' title='bbox 1029 650 1102 709; x_wconf 70' lang='lat' dir='ltr'>t?</span> 
     </span>
     <span class='ocr_line' id='line_1_6' title="bbox 60 730 1067 817; baseline 0.002 -23"><span class='ocrx_word' id='word_1_39' title='bbox 60 730 127 794; x_wconf 89' lang='lat' dir='ltr'>lina</span> <span class='ocrx_word' id='word_1_40' title='bbox 147 734 323 813; x_wconf 90' lang='lat' dir='ltr'>postquam</span> <span class='ocrx_word' id='word_1_41' title='bbox 341 730 431 794; x_wconf 87' lang='lat' dir='ltr'>fusas</span> <span class='ocrx_word' id='word_1_42' title='bbox 451 732 560 814; x_wconf 89' lang='lat' dir='ltr'>copias</span> <span class='ocrx_word' id='word_1_43' title='bbox 579 754 676 816; x_wconf 90' lang='lat' dir='ltr'>seque</span> <span class='ocrx_word' id='word_1_44' title='bbox 695 755 769 797; x_wconf 90' lang='lat' dir='ltr'>oum</span> <span class='ocrx_word' id='word_1_45' title='bbox 787 732 898 817; x_wconf 86' lang='lat' dir='ltr'>paucis</span> <span class='ocrx_word' id='word_1_46' title='bbox 917 732 1009 797; x_wconf 85' lang='lat' dir='ltr'>relict</span> <span class='ocrx_word' id='word_1_47' title='bbox 997 737 1067 798; x_wconf 85' lang='lat' dir='ltr'>tum</span> 
     </span>
     <span class='ocr_line' id='line_1_7' title="bbox 59 818 1066 904; baseline 0.002 -22"><span class='ocrx_word' id='word_1_48' title='bbox 59 819 161 901; x_wconf 84' lang='lat' dir='ltr'>videt,</span> <span class='ocrx_word' id='word_1_49' title='bbox 190 839 313 882; x_wconf 89' lang='lat' dir='ltr'>memor</span> <span class='ocrx_word' id='word_1_50' title='bbox 336 818 507 902; x_wconf 89' lang='lat' dir='ltr'>generisa</span> <span class='ocrx_word' id='word_1_51' title='bbox 508 823 585 902; x_wconf 89' lang='lat' dir='ltr'>tque</span> <span class='ocrx_word' id='word_1_52' title='bbox 607 821 765 903; x_wconf 88' lang='lat' dir='ltr'>pristinae</span> <span class='ocrx_word' id='word_1_53' title='bbox 793 841 869 884; x_wconf 87' lang='lat' dir='ltr'>suae</span> <span class='ocrx_word' id='word_1_54' title='bbox 897 820 1066 904; x_wconf 85' lang='lat' dir='ltr'>dignitatis</span> 
     </span>
     <span class='ocr_line' id='line_1_8' title="bbox 59 868 1068 992; baseline 0.001 -22"><span class='ocrx_word' id='word_1_55' title='bbox 59 907 95 970; x_wconf 91' lang='lat' dir='ltr'>in</span> <span class='ocrx_word' id='word_1_56' title='bbox 117 868 384 970; x_wconf 83' lang='lat' dir='ltr'>cohfert1ssumos</span> <span class='ocrx_word' id='word_1_57' title='bbox 406 906 514 971; x_wconf 87' lang='lat' dir='ltr'>hostis</span> <span class='ocrx_word' id='word_1_58' title='bbox 532 906 678 992; x_wconf 81' lang='lat' dir='ltr'>incurrit,</span> <span class='ocrx_word' id='word_1_59' title='bbox 696 908 808 991; x_wconf 90' lang='lat' dir='ltr'>ibique</span> <span class='ocrx_word' id='word_1_60' title='bbox 828 928 976 992; x_wconf 88' lang='lat' dir='ltr'>pugnans</span> <span class='ocrx_word' id='word_1_61' title='bbox 995 930 1068 973; x_wconf 90' lang='lat' dir='ltr'>oon·</span> 
     </span>
     <span class='ocr_line' id='line_1_9' title="bbox 59 993 191 1058; baseline -0.008 -1"><span class='ocrx_word' id='word_1_62' title='bbox 59 993 191 1058; x_wconf 86' lang='lat' dir='ltr'>foditur.</span> 
     </span>
    </p>

    <p class='ocr_par' dir='ltr' id='par_1_3' title="bbox 60 1078 1116 2921">
     <span class='ocr_line' id='line_1_10' title="bbox 128 1078 1116 1166; baseline 0.002 -21"><span class='ocrx_word' id='word_1_63' title='bbox 128 1078 191 1145; x_wconf 85' lang='lat' dir='ltr'>Sed</span> <span class='ocrx_word' id='word_1_64' title='bbox 223 1080 370 1146; x_wconf 86' lang='lat' dir='ltr'>confecto</span> <span class='ocrx_word' id='word_1_65' title='bbox 397 1082 521 1165; x_wconf 91' lang='lat' dir='ltr'>proelio</span> <span class='ocrx_word' id='word_1_66' title='bbox 552 1086 623 1146; x_wconf 90' lang='lat' dir='ltr'>tum</span> <span class='ocrx_word' id='word_1_67' title='bbox 649 1105 725 1147; x_wconf 81' lang='lat' dir='ltr'>vero</span> <span class='ocrx_word' id='word_1_68' title='bbox 754 1104 913 1166; x_wconf 81' lang='lat' dir='ltr'>cemores‚</span> <span class='ocrx_word' id='word_1_69' title='bbox 945 1081 1116 1166; x_wconf 77' lang='lat' dir='ltr'>quantahl</span> 
     </span>
     <span class='ocr_line' id='line_1_11' title="bbox 61 1169 1068 1253; baseline 0.001 -20"><span class='ocrx_word' id='word_1_70' title='bbox 61 1169 196 1233; x_wconf 84' lang='lat' dir='ltr'>audacia</span> <span class='ocrx_word' id='word_1_71' title='bbox 218 1173 403 1253; x_wconf 89' lang='lat' dir='ltr'>quantaque</span> <span class='ocrx_word' id='word_1_72' title='bbox 427 1170 526 1234; x_wconf 89' lang='lat' dir='ltr'>animi</span> <span class='ocrx_word' id='word_1_73' title='bbox 549 1170 598 1234; x_wconf 88' lang='lat' dir='ltr'>vis</span> <span class='ocrx_word' id='word_1_74' title='bbox 621 1170 736 1235; x_wconf 85' lang='lat' dir='ltr'>fuisset</span> <span class='ocrx_word' id='word_1_75' title='bbox 759 1171 794 1234; x_wconf 94' lang='lat' dir='ltr'>in</span> <span class='ocrx_word' id='word_1_76' title='bbox 817 1171 960 1234; x_wconf 85' lang='lat' dir='ltr'>exercitu</span> <span class='ocrx_word' id='word_1_77' title='bbox 981 1170 1068 1236; x_wconf 79' lang='lat' dir='ltr'>(lati-</span> 
     </span>
     <span class='ocr_line' id='line_1_12' title="bbox 60 1257 1102 1342; baseline 0.002 -22"><span class='ocrx_word' id='word_1_78' title='bbox 60 1257 155 1321; x_wconf 84' lang='lat' dir='ltr'>linae.</span> <span class='ocrx_word' id='word_1_79' title='bbox 190 1278 267 1321; x_wconf 92' lang='lat' dir='ltr'>nam</span> <span class='ocrx_word' id='word_1_80' title='bbox 289 1257 356 1320; x_wconf 84' lang='lat' dir='ltr'>fere</span> <span class='ocrx_word' id='word_1_81' title='bbox 380 1279 476 1340; x_wconf 87' lang='lat' dir='ltr'>quem</span> <span class='ocrx_word' id='word_1_82' title='bbox 499 1258 635 1341; x_wconf 89' lang='lat' dir='ltr'>quisque</span> <span class='ocrx_word' id='word_1_83' title='bbox 658 1259 748 1322; x_wconf 76' lang='lat' dir='ltr'>vivos</span> <span class='ocrx_word' id='word_1_84' title='bbox 766 1258 941 1342; x_wconf 87' lang='lat' dir='ltr'>pugnando</span> <span class='ocrx_word' id='word_1_85' title='bbox 959 1258 1068 1322; x_wconf 90' lang='lat' dir='ltr'>locum</span> <span class='ocrx_word' id='word_1_86' title='bbox 1086 1273 1102 1321; x_wconf 81' lang='lat'><strong>2</strong></span> 
     </span>
     <span class='ocr_line' id='line_1_13' title="bbox 61 1345 1103 1430; baseline -0.001 -21"><span class='ocrx_word' id='word_1_87' title='bbox 61 1348 204 1428; x_wconf 85' lang='lat' dir='ltr'>ceperat,</span> <span class='ocrx_word' id='word_1_88' title='bbox 237 1367 310 1408; x_wconf 88' lang='lat' dir='ltr'>eum</span> <span class='ocrx_word' id='word_1_89' title='bbox 338 1345 459 1409; x_wconf 88' lang='lat' dir='ltr'>amissa</span> <span class='ocrx_word' id='word_1_90' title='bbox 485 1345 593 1408; x_wconf 86' lang='lat' dir='ltr'>anima</span> <span class='ocrx_word' id='word_1_91' title='bbox 621 1366 754 1429; x_wconf 89' lang='lat' dir='ltr'>corpore</span> <span class='ocrx_word' id='word_1_92' title='bbox 781 1346 924 1429; x_wconf 86' lang='lat' dir='ltr'>tegebat.</span> <span class='ocrx_word' id='word_1_93' title='bbox 971 1347 1103 1430; x_wconf 72' lang='lat' dir='ltr'>paucio</span> 
     </span>
     <span class='ocr_line' id='line_1_14' title="bbox 61 1431 1066 1517; baseline 0.001 -21"><span class='ocrx_word' id='word_1_94' title='bbox 61 1436 180 1515; x_wconf 86' lang='lat' dir='ltr'>autem,</span> <span class='ocrx_word' id='word_1_95' title='bbox 202 1453 284 1514; x_wconf 88' lang='lat' dir='ltr'>quos</span> <span class='ocrx_word' id='word_1_96' title='bbox 307 1432 430 1496; x_wconf 89' lang='lat' dir='ltr'>medios</span> <span class='ocrx_word' id='word_1_97' title='bbox 452 1431 567 1496; x_wconf 80' lang='lat' dir='ltr'>cohors</span> <span class='ocrx_word' id='word_1_98' title='bbox 585 1432 749 1515; x_wconf 87' lang='lat' dir='ltr'>praetoria</span> <span class='ocrx_word' id='word_1_99' title='bbox 766 1432 945 1516; x_wconf 86' lang='lat' dir='ltr'>disiecerat,</span> <span class='ocrx_word' id='word_1_100' title='bbox 968 1434 1066 1517; x_wconf 89' lang='lat' dir='ltr'>paulo</span> 
     </span>
     <span class='ocr_line' id='line_1_15' title="bbox 60 1519 1067 1603; baseline 0.001 -19"><span class='ocrx_word' id='word_1_101' title='bbox 60 1519 235 1603; x_wconf 81' lang='lat' dir='ltr'>divorsius,</span> <span class='ocrx_word' id='word_1_102' title='bbox 263 1521 319 1586; x_wconf 89' lang='lat' dir='ltr'>sed</span> <span class='ocrx_word' id='word_1_103' title='bbox 346 1541 458 1584; x_wconf 88' lang='lat' dir='ltr'>omnes</span> <span class='ocrx_word' id='word_1_104' title='bbox 485 1523 596 1583; x_wconf 86' lang='lat' dir='ltr'>tamen</span> <span class='ocrx_word' id='word_1_105' title='bbox 618 1519 762 1585; x_wconf 86' lang='lat' dir='ltr'>advorsis</span> <span class='ocrx_word' id='word_1_106' title='bbox 785 1520 971 1584; x_wconf 81' lang='lat' dir='ltr'>volneribus</span> <span class='ocrx_word' id='word_1_107' title='bbox 995 1543 1067 1585; x_wconf 90' lang='lat' dir='ltr'>con·</span> 
     </span>
     <span class='ocr_line' id='line_1_16' title="bbox 61 1606 1103 1692; baseline -0.003 -19"><span class='ocrx_word' id='word_1_108' title='bbox 61 1607 214 1673; x_wconf 78' lang='lat' dir='ltr'>uiderant.</span> <span class='ocrx_word' id='word_1_109' title='bbox 264 1606 407 1673; x_wconf 78' lang='lat' dir='ltr'>Catilina</span> <span class='ocrx_word' id='word_1_110' title='bbox 433 1628 509 1671; x_wconf 89' lang='lat' dir='ltr'>vero</span> <span class='ocrx_word' id='word_1_111' title='bbox 536 1606 632 1692; x_wconf 90' lang='lat' dir='ltr'>longe</span> <span class='ocrx_word' id='word_1_112' title='bbox 660 1629 679 1672; x_wconf 89' lang='lat' dir='ltr'>a</span> <span class='ocrx_word' id='word_1_113' title='bbox 706 1607 774 1671; x_wconf 89' lang='lat' dir='ltr'>suis</span> <span class='ocrx_word' id='word_1_114' title='bbox 806 1607 892 1671; x_wconf 86' lang='lat' dir='ltr'>inter</span> <span class='ocrx_word' id='word_1_115' title='bbox 921 1608 1103 1672; x_wconf 73' lang='lat' dir='ltr'>hostiumr</span> 
     </span>
     <span class='ocr_line' id='line_1_17' title="bbox 61 1695 1067 1779; baseline 0 -19"><span class='ocrx_word' id='word_1_116' title='bbox 61 1695 217 1760; x_wconf 87' lang='lat' dir='ltr'>cadavera</span> <span class='ocrx_word' id='word_1_117' title='bbox 243 1698 390 1779; x_wconf 89' lang='lat' dir='ltr'>repertus</span> <span class='ocrx_word' id='word_1_118' title='bbox 419 1699 482 1777; x_wconf 88' lang='lat' dir='ltr'>est,</span> <span class='ocrx_word' id='word_1_119' title='bbox 509 1696 676 1778; x_wconf 89' lang='lat' dir='ltr'>paululum</span> <span class='ocrx_word' id='word_1_120' title='bbox 704 1695 804 1759; x_wconf 90' lang='lat' dir='ltr'>etiam</span> <span class='ocrx_word' id='word_1_121' title='bbox 832 1695 958 1778; x_wconf 88' lang='lat' dir='ltr'>spirans</span> <span class='ocrx_word' id='word_1_122' title='bbox 985 1695 1067 1760; x_wconf 87' lang='lat' dir='ltr'>fero-</span> 
     </span>
     <span class='ocr_line' id='line_1_18' title="bbox 61 1782 1067 1868; baseline 0 -20"><span class='ocrx_word' id='word_1_123' title='bbox 61 1784 208 1866; x_wconf 87' lang='lat' dir='ltr'>ciamque</span> <span class='ocrx_word' id='word_1_124' title='bbox 227 1782 335 1866; x_wconf 89' lang='lat' dir='ltr'>animi,</span> <span class='ocrx_word' id='word_1_125' title='bbox 354 1804 452 1866; x_wconf 90' lang='lat' dir='ltr'>quam</span> <span class='ocrx_word' id='word_1_126' title='bbox 469 1783 629 1847; x_wconf 88' lang='lat' dir='ltr'>habuerat</span> <span class='ocrx_word' id='word_1_127' title='bbox 644 1784 744 1868; x_wconf 81' lang='lat' dir='ltr'>vivos,</span> <span class='ocrx_word' id='word_1_128' title='bbox 762 1783 797 1847; x_wconf 92' lang='lat' dir='ltr'>in</span> <span class='ocrx_word' id='word_1_129' title='bbox 810 1783 900 1848; x_wconf 90' lang='lat' dir='ltr'>voltu</span> <span class='ocrx_word' id='word_1_130' title='bbox 915 1784 1067 1848; x_wconf 86' lang='lat' dir='ltr'>retinens.</span> 
     </span>
     <span class='ocr_line' id='line_1_19' title="bbox 60 1871 1103 1955; baseline -0.003 -20"><span class='ocrx_word' id='word_1_131' title='bbox 60 1874 228 1955; x_wconf 90' lang='lat' dir='ltr'>postremo</span> <span class='ocrx_word' id='word_1_132' title='bbox 255 1892 294 1934; x_wconf 84' lang='lat' dir='ltr'>ex</span> <span class='ocrx_word' id='word_1_133' title='bbox 322 1871 411 1934; x_wconf 92' lang='lat' dir='ltr'>omni</span> <span class='ocrx_word' id='word_1_134' title='bbox 438 1871 531 1954; x_wconf 87' lang='lat' dir='ltr'>copia</span> <span class='ocrx_word' id='word_1_135' title='bbox 557 1893 660 1954; x_wconf 90' lang='lat' dir='ltr'>neque</span> <span class='ocrx_word' id='word_1_136' title='bbox 686 1871 722 1935; x_wconf 93' lang='lat' dir='ltr'>in</span> <span class='ocrx_word' id='word_1_137' title='bbox 749 1871 873 1954; x_wconf 93' lang='lat' dir='ltr'>proelio</span> <span class='ocrx_word' id='word_1_138' title='bbox 900 1893 1004 1954; x_wconf 90' lang='lat' dir='ltr'>neque</span> <span class='ocrx_word' id='word_1_139' title='bbox 1032 1873 1103 1935; x_wconf 85' lang='lat' dir='ltr'>in5</span> 
     </span>
     <span class='ocr_line' id='line_1_20' title="bbox 60 1958 1104 2044; baseline -0.002 -21"><span class='ocrx_word' id='word_1_140' title='bbox 60 1958 140 2044; x_wconf 85' lang='lat' dir='ltr'>fuga</span> <span class='ocrx_word' id='word_1_141' title='bbox 167 1958 339 2042; x_wconf 87' lang='lat' dir='ltr'>quisquam</span> <span class='ocrx_word' id='word_1_142' title='bbox 366 1958 445 2022; x_wconf 87' lang='lat' dir='ltr'>civis</span> <span class='ocrx_word' id='word_1_143' title='bbox 473 1959 632 2044; x_wconf 84' lang='lat' dir='ltr'>ingenuus</span> <span class='ocrx_word' id='word_1_144' title='bbox 656 1963 770 2042; x_wconf 86' lang='lat' dir='ltr'>captus</span> <span class='ocrx_word' id='word_1_145' title='bbox 796 1962 860 2022; x_wconf 88' lang='lat' dir='ltr'>est:</span> <span class='ocrx_word' id='word_1_146' title='bbox 887 1959 935 2022; x_wconf 89' lang='lat' dir='ltr'>ita</span> <span class='ocrx_word' id='word_1_147' title='bbox 959 1959 1104 2023; x_wconf 76' lang='lat' dir='ltr'>cunetis</span> 
     </span>
     <span class='ocr_line' id='line_1_21' title="bbox 61 2046 1102 2130; baseline -0.003 -19"><span class='ocrx_word' id='word_1_148' title='bbox 61 2068 138 2111; x_wconf 88' lang='lat' dir='ltr'>suae</span> <span class='ocrx_word' id='word_1_149' title='bbox 156 2046 363 2129; x_wconf 89' lang='lat' dir='ltr'>hostiumque</span> <span class='ocrx_word' id='word_1_150' title='bbox 383 2046 469 2111; x_wconf 83' lang='lat' dir='ltr'>vitae</span> <span class='ocrx_word' id='word_1_151' title='bbox 487 2046 579 2110; x_wconf 87' lang='lat' dir='ltr'>iuxta</span> <span class='ocrx_word' id='word_1_152' title='bbox 591 2049 809 2130; x_wconf 88' lang='lat' dir='ltr'>pepercerant.</span> <span class='ocrx_word' id='word_1_153' title='bbox 839 2067 944 2128; x_wconf 91' lang='lat' dir='ltr'>neque</span> <span class='ocrx_word' id='word_1_154' title='bbox 958 2049 1068 2109; x_wconf 90' lang='lat' dir='ltr'>tamen</span> <span class='ocrx_word' id='word_1_155' title='bbox 1086 2061 1102 2108; x_wconf 73' lang='grc' dir='ltr'>ι</span> 
     </span>
     <span class='ocr_line' id='line_1_22' title="bbox 61 2132 1068 2218; baseline -0.004 -19"><span class='ocrx_word' id='word_1_156' title='bbox 61 2134 221 2199; x_wconf 85' lang='lat' dir='ltr'>exercitus</span> <span class='ocrx_word' id='word_1_157' title='bbox 239 2133 352 2218; x_wconf 90' lang='lat' dir='ltr'>populi</span> <span class='ocrx_word' id='word_1_158' title='bbox 370 2133 510 2198; x_wconf 86' lang='lat' dir='ltr'>Romani</span> <span class='ocrx_word' id='word_1_159' title='bbox 532 2135 652 2197; x_wconf 87' lang='lat' dir='ltr'>laetam</span> <span class='ocrx_word' id='word_1_160' title='bbox 674 2137 731 2198; x_wconf 89' lang='lat' dir='ltr'>aut</span> <span class='ocrx_word' id='word_1_161' title='bbox 749 2132 951 2197; x_wconf 79' lang='lat' dir='ltr'>incruentam</span> <span class='ocrx_word' id='word_1_162' title='bbox 968 2133 1068 2196; x_wconf 82' lang='lat' dir='ltr'>vieto-</span> 
     </span>
     <span class='ocr_line' id='line_1_23' title="bbox 61 2220 1067 2305; baseline -0.003 -19"><span class='ocrx_word' id='word_1_163' title='bbox 61 2222 144 2286; x_wconf 90' lang='lat' dir='ltr'>riam</span> <span class='ocrx_word' id='word_1_164' title='bbox 171 2223 307 2305; x_wconf 88' lang='lat' dir='ltr'>adeptus</span> <span class='ocrx_word' id='word_1_165' title='bbox 335 2225 414 2285; x_wconf 85' lang='lat' dir='ltr'>erat.</span> <span class='ocrx_word' id='word_1_166' title='bbox 462 2242 539 2284; x_wconf 90' lang='lat' dir='ltr'>nam</span> <span class='ocrx_word' id='word_1_167' title='bbox 567 2221 819 2285; x_wconf 84' lang='lat' dir='ltr'>strenuissumus</span> <span class='ocrx_word' id='word_1_168' title='bbox 847 2220 983 2303; x_wconf 88' lang='lat' dir='ltr'>quisque</span> <span class='ocrx_word' id='word_1_169' title='bbox 1010 2223 1067 2283; x_wconf 93' lang='lat' dir='ltr'>aut</span> 
     </span>
     <span class='ocr_line' id='line_1_24' title="bbox 63 2308 1067 2394; baseline -0.002 -20"><span class='ocrx_word' id='word_1_170' title='bbox 63 2310 224 2375; x_wconf 88' lang='lat' dir='ltr'>occiderat</span> <span class='ocrx_word' id='word_1_171' title='bbox 250 2309 285 2373; x_wconf 90' lang='lat' dir='ltr'>in</span> <span class='ocrx_word' id='word_1_172' title='bbox 310 2309 435 2392; x_wconf 89' lang='lat' dir='ltr'>proelio</span> <span class='ocrx_word' id='word_1_173' title='bbox 461 2313 518 2372; x_wconf 88' lang='lat' dir='ltr'>aut</span> <span class='ocrx_word' id='word_1_174' title='bbox 540 2308 684 2394; x_wconf 88' lang='lat' dir='ltr'>graviter</span> <span class='ocrx_word' id='word_1_175' title='bbox 706 2309 892 2374; x_wconf 80' lang='lat' dir='ltr'>volneratus</span> <span class='ocrx_word' id='word_1_176' title='bbox 916 2308 1067 2372; x_wconf 84' lang='lat' dir='ltr'>discesse</span> 
     </span>
     <span class='ocr_line' id='line_1_25' title="bbox 62 2396 1104 2480; baseline 0.002 -20"><span class='ocrx_word' id='word_1_177' title='bbox 62 2401 124 2461; x_wconf 87' lang='lat' dir='ltr'>rat.</span> <span class='ocrx_word' id='word_1_178' title='bbox 167 2397 264 2461; x_wconf 89' lang='lat' dir='ltr'>multi</span> <span class='ocrx_word' id='word_1_179' title='bbox 287 2401 404 2480; x_wconf 85' lang='lat' dir='ltr'>autem,</span> <span class='ocrx_word' id='word_1_180' title='bbox 428 2397 484 2480; x_wconf 91' lang='lat' dir='ltr'>qui</span> <span class='ocrx_word' id='word_1_181' title='bbox 506 2418 523 2460; x_wconf 91' lang='lat' dir='ltr'>e</span> <span class='ocrx_word' id='word_1_182' title='bbox 547 2398 662 2461; x_wconf 89' lang='lat' dir='ltr'>castris</span> <span class='ocrx_word' id='word_1_183' title='bbox 684 2396 813 2461; x_wconf 81' lang='lat' dir='ltr'>visundi</span> <span class='ocrx_word' id='word_1_184' title='bbox 831 2400 888 2461; x_wconf 86' lang='lat' dir='ltr'>aut</span> <span class='ocrx_word' id='word_1_185' title='bbox 907 2396 1104 2480; x_wconf 73' lang='lat' dir='ltr'>spoliandis</span> 
     </span>
     <span class='ocr_line' id='line_1_26' title="bbox 63 2484 1067 2571; baseline -0.001 -23"><span class='ocrx_word' id='word_1_186' title='bbox 63 2485 170 2571; x_wconf 88' lang='lat' dir='ltr'>gratia</span> <span class='ocrx_word' id='word_1_187' title='bbox 195 2489 433 2568; x_wconf 87' lang='lat' dir='ltr'>processerant,</span> <span class='ocrx_word' id='word_1_188' title='bbox 460 2485 625 2549; x_wconf 76' lang='lat' dir='ltr'>volventes</span> <span class='ocrx_word' id='word_1_189' title='bbox 652 2484 787 2550; x_wconf 83' lang='lat' dir='ltr'>hostilia</span> <span class='ocrx_word' id='word_1_190' title='bbox 813 2485 967 2549; x_wconf 87' lang='lat' dir='ltr'>cadavera</span> <span class='ocrx_word' id='word_1_191' title='bbox 991 2484 1067 2547; x_wconf 89' lang='lat' dir='ltr'>ami-</span> 
     </span>
     <span class='ocr_line' id='line_1_27' title="bbox 63 2572 1067 2657; baseline -0.002 -21"><span class='ocrx_word' id='word_1_192' title='bbox 63 2595 136 2637; x_wconf 91' lang='lat' dir='ltr'>oum</span> <span class='ocrx_word' id='word_1_193' title='bbox 164 2572 235 2654; x_wconf 87' lang='lat' dir='ltr'>alii,</span> <span class='ocrx_word' id='word_1_194' title='bbox 263 2594 339 2655; x_wconf 88' lang='lat' dir='ltr'>pars</span> <span class='ocrx_word' id='word_1_195' title='bbox 366 2572 531 2655; x_wconf 88' lang='lat' dir='ltr'>hospitem</span> <span class='ocrx_word' id='word_1_196' title='bbox 558 2576 616 2637; x_wconf 88' lang='lat' dir='ltr'>aut</span> <span class='ocrx_word' id='word_1_197' title='bbox 643 2576 818 2657; x_wconf 83' lang='lat' dir='ltr'>cognatum</span> <span class='ocrx_word' id='word_1_198' title='bbox 849 2573 1067 2656; x_wconf 82' lang='lat' dir='ltr'>reperiebant3</span> 
     </span>
     <span class='ocr_line' id='line_1_28' title="bbox 62 2659 1103 2744; baseline -0.001 -20"><span class='ocrx_word' id='word_1_199' title='bbox 62 2659 151 2724; x_wconf 83' lang='lat' dir='ltr'>fuere</span> <span class='ocrx_word' id='word_1_200' title='bbox 174 2661 254 2724; x_wconf 91' lang='lat' dir='ltr'>item</span> <span class='ocrx_word' id='word_1_201' title='bbox 278 2660 335 2744; x_wconf 93' lang='lat' dir='ltr'>qui</span> <span class='ocrx_word' id='word_1_202' title='bbox 357 2660 505 2724; x_wconf 88' lang='lat' dir='ltr'>inimicos</span> <span class='ocrx_word' id='word_1_203' title='bbox 529 2681 604 2723; x_wconf 87' lang='lat' dir='ltr'>suos</span> <span class='ocrx_word' id='word_1_204' title='bbox 629 2662 869 2744; x_wconf 84' lang='lat' dir='ltr'>cognoscerent.</span> <span class='ocrx_word' id='word_1_205' title='bbox 912 2659 960 2722; x_wconf 90' lang='lat' dir='ltr'>ita</span> <span class='ocrx_word' id='word_1_206' title='bbox 978 2659 1103 2723; x_wconf 77' lang='lat' dir='ltr'>varies</span> 
     </span>
     <span class='ocr_line' id='line_1_29' title="bbox 62 2746 1066 2831; baseline -0.003 -19"><span class='ocrx_word' id='word_1_207' title='bbox 62 2770 120 2831; x_wconf 88' lang='lat' dir='ltr'>per</span> <span class='ocrx_word' id='word_1_208' title='bbox 152 2770 281 2812; x_wconf 92' lang='lat' dir='ltr'>omnem</span> <span class='ocrx_word' id='word_1_209' title='bbox 308 2748 485 2812; x_wconf 87' lang='lat' dir='ltr'>exercitum</span> <span class='ocrx_word' id='word_1_210' title='bbox 512 2747 638 2810; x_wconf 89' lang='lat' dir='ltr'>laetitia</span> <span class='ocrx_word' id='word_1_211' title='bbox 665 2768 804 2831; x_wconf 86' lang='lat' dir='ltr'>maeror,</span> <span class='ocrx_word' id='word_1_212' title='bbox 834 2746 940 2809; x_wconf 88' lang='lat' dir='ltr'>luctus</span> <span class='ocrx_word' id='word_1_213' title='bbox 968 2749 1066 2829; x_wconf 88' lang='lat' dir='ltr'>atque</span> 
     </span>
     <span class='ocr_line' id='line_1_30' title="bbox 63 2836 423 2921; baseline 0 -22"><span class='ocrx_word' id='word_1_214' title='bbox 63 2836 182 2921; x_wconf 86' lang='lat' dir='ltr'>gaudia</span> <span class='ocrx_word' id='word_1_215' title='bbox 205 2836 423 2921; x_wconf 85' lang='lat' dir='ltr'>agitabantur.</span> 
     </span>
    </p>
   </div>
   <div class='ocr_carea' id='block_1_3' title="bbox 0 0 1283 4192">
    <p class='ocr_par' dir='ltr' id='par_1_4' title="bbox 0 0 1283 4192">
     <span class='ocr_line' id='line_1_31' title="bbox 0 0 1283 4192; baseline 0 0"><span class='ocrx_word' id='word_1_216' title='bbox 0 0 1283 4192; x_wconf 95' lang='lat' dir='ltr'> </span> 
     </span>
    </p>
   </div>
  </div>
 </body>
</html>
