2542 4192
356 221 503 276 BELLUM
521 222 718 278 CATILINAE
737 238 760 276 c.
780 228 857 276 2-5.
1091 227 1111 288 3

104 371 201 450 rupta
220 367 406 451 tenebatur3
427 388 464 430 ac
483 389 544 449 me,
563 389 636 431 cum
655 368 702 431 ab>
715 368 915 451 reliquorum
934 368 1029 432 malis
1048 390 1114 432 mo·
1133 385 1151 433 5

103 456 194 519 ribus
219 455 434 537 dissentirem,
456 454 560 518 nihilo
584 455 691 519 minus
713 456 847 520 honoris
867 457 982 540 cupido
1002 457 1114 520 eadem

104 565 169 627 qua
197 547 322 607 ceteros
349 541 438 606 fama
465 546 563 624 atque
590 543 712 607 invidia
738 545 885 608 vexabat.
930 545 1033 629 igitur
1057 544 1154 609 ubi4

75 637 87 697 .’
104 633 232 696 animus
261 653 300 694 ex
323 630 436 694 multis
457 630 597 694 miseriis
616 634 714 714 atque
732 632 884 715 perieulis
903 632 1062 715 requievit
1081 636 1115 695 et

104 720 187 784 mihi
210 718 369 802 reliquam
393 721 534 782 aetatem
558 741 577 781 a
599 740 634 782 re
652 719 783 801 publica
800 721 914 803 procul
932 721 1112 785 habendam

105 808 241 889 decrevi,
264 829 330 870 non
352 805 417 869 fuit
440 805 612 870 consilium
635 807 783 871 socordia
804 812 900 891 atque
920 808 1043 872 desidia
1060 809 1115 872 bo-

105 918 183 960 num
208 895 312 959 otium
336 897 511 976 conterere,
532 915 637 977 neque
659 917 736 959 vero
760 916 875 980 agrum
898 896 1035 960 colundo
1058 900 1115 960 aut

105 984 265 1066 venando,
293 981 465 1046 servilibus
494 981 624 1066 officiis,
651 983 814 1047 intentum
840 988 982 1048 aetatem
1005 1005 1115 1069 agere3

79 1073 161 1136 ‘sed
189 1094 209 1135 a
237 1092 301 1154 quo
328 1070 458 1152 incepto
488 1070 658 1153 studioque
685 1093 736 1134 me
765 1071 901 1135 ambitio
926 1073 1013 1135 mala
1035 1073 1148 1136 deti-2

105 1163 230 1242 nuerat,
257 1159 371 1222 eodem
393 1178 560 1242 regressus
584 1159 686 1222 statui
708 1181 760 1224 res
783 1163 893 1244 gestas
916 1159 1029 1243 populi
1052 1159 1115 1223 Ro-

106 1247 194 1311 mani
222 1246 371 1329 carptim,
393 1249 430 1309 ut
454 1267 599 1329 quaeque
622 1247 778 1320 memoria
796 1247 895 1332 digna
913 1248 1115 1331 videbantur,

106 1334 316 1420 perscribere,
339 1355 376 1397 eo
401 1334 506 1418 magis
531 1335 617 1417 quod
640 1334 721 1398 mihi
744 1357 764 1398 a
782 1357 838 1418 spe
857 1340 947 1400 metu
965 1335 1115 1418 partibus

106 1422 324 1506 reipublicae
348 1421 476 1485 animus
499 1421 582 1484 liber
606 1425 684 1485 erat.

173 1509 280 1595 Igitur
307 1510 345 1572 de
374 1508 534 1574 Catilinae
563 1509 784 1573 coniuratione
813 1531 911 1593 quam
938 1511 1150 1574 verissume3

105 1603 221 1682 potero
244 1597 356 1680 paucis
376 1597 556 1681 absolvam3
578 1618 655 1660 nam
672 1598 706 1660 id
723 1597 848 1662 facinus
868 1599 902 1661 in
919 1598 1034 1681 primis
1054 1619 1114 1683 ego
1133 1615 1150 1662 4

107 1685 317 1750 memorabile
341 1685 501 1749 existumo
526 1684 656 1749 sceleris
680 1690 776 1769 atque
799 1686 935 1769 periculi
960 1686 1115 1750 novitate.

106 1775 145 1838 de
165 1774 255 1838 cuius
274 1773 416 1837 hominis
435 1773 580 1837 moribus
594 1794 697 1856 pauca
710 1775 801 1856 prius
816 1774 1016 1858 explananda
1029 1779 1115 1858 sunt,
1134 1791 1149 1838 5

107 1884 205 1945 quam
228 1861 359 1925 initium
381 1861 533 1924 narrandi
555 1860 681 1925 faciam.

138 2017 144 2024 ,
172 1949 208 2014 L.
233 1948 384 2031 Catilina,
406 1948 510 2012 nobili
533 1969 650 2034 genere
672 1953 779 2033 natus,
801 1949 864 2014 fuit
888 1971 1007 2035 magna
1029 1951 1060 2015 vi
1082 1954 1115 2014 et
1133 1952 1154 2016 5

60 2046 82 2095 .‘
106 2038 208 2102 animi
236 2041 269 2102 11
297 2037 441 2120 eorporis
470 2036 526 2101 sed
552 2037 683 2121 ingenio
711 2036 797 2101 malo
820 2059 994 2120 pravoque.
1038 2038 1149 2103 huica

106 2127 148 2190 ab
178 2124 396 2189 adulescentia
423 2125 511 2188 bella
537 2124 706 2207 intestina,
738 2124 850 2188 caedes
878 2125 1024 2208 rapinae,
1053 2124 1115 2187 dis-

106 2213 218 2278 cordia
250 2213 354 2278 eivilis
387 2216 483 2297 grata
513 2211 617 2295 fuere,
648 2211 758 2295 ibique
791 2211 992 2277 iuventutern
1022 2234 1115 2276 suam

106 2301 259 2366 exercuit.
301 2322 418 2385 corpus
436 2299 564 2382 patiens
583 2299 708 2364 inediae
727 2300 847 2385 algoris
866 2301 997 2385 vigiliae
1017 2323 1115 2384 supra
1133 2321 1149 2368 3

106 2412 205 2473 quam
229 2389 380 2472 cuiquam
403 2387 556 2453 credibile
580 2392 638 2452 est.
684 2388 810 2452 animus
834 2390 938 2453 audax
959 2390 1149 2456 subdolus4

105 2479 225 2560 varius,
244 2478 335 2541 cuius
353 2476 401 2540 rei
419 2476 510 2540 lubet
529 2477 700 2540 simulator
717 2498 754 2541 ac
768 2477 999 2561 dissimulator,
1018 2478 1114 2541 alieni

106 2567 262 2649 adpetens
291 2565 342 2628 sui
364 2564 530 2647 profusus,
558 2565 672 2628 ardens
700 2565 735 2628 in
758 2565 1005 2649 cupiditatibus,
1033 2565 1113 2628 satis

106 2653 320 2737 eloquentiae,
341 2652 519 2735 sapientiae
537 2674 662 2735 parum.
698 2656 809 2716 vastus
829 2653 955 2716 animus
973 2653 1114 2716 inmode-
1133 2673 1148 2721 5

105 2746 179 2806 rata
210 2741 414 2805 incredibilia
443 2740 541 2804 nimis
570 2739 638 2803 alta
665 2761 791 2822 semper
819 2739 979 2821 cupiebat.
1028 2739 1148 2809 hunce

104 2833 183 2913 post
202 2829 457 2893 dominationem
470 2826 506 2890 L.
522 2826 632 2892 Sullae
649 2827 761 2891 lubido
781 2848 932 2890 maxuma
950 2827 1114 2890 invaserat

105 2918 154 2981 rei
185 2917 334 2999 publicae
367 2916 556 2999 capiundae,
587 2937 691 2999 neque
722 2914 756 2978 id
784 2915 902 2998 quibus
930 2915 1033 2979 modis
1062 2917 1114 2979 ad-

105 3009 305 3089 sequeretur,
328 3005 404 3069 dum
427 3004 490 3068 sibi
513 3024 650 3089 regnum
667 3007 807 3087 pararet,
831 3005 1004 3088 quiequam
1021 3004 1113 3087 pensi

104 3093 258 3157 habebat.
303 3093 491 3177 agitabatur
518 3091 623 3176 magis
646 3092 813 3177 magisque
836 3093 871 3156 in
894 3093 962 3157 dies
986 3092 1112 3155 animus
1133 3114 1147 3161 r

104 3181 198 3244 ferox
228 3181 340 3263 inopia
371 3181 418 3244 rei
449 3179 620 3243 familiaris
653 3184 686 3244 et
718 3180 915 3245 conscientia
947 3180 1113 3261 scelerum,

104 3290 189 3352 quae
218 3273 359 3352 utraque
380 3269 426 3332 eis
450 3268 576 3332 artibus
600 3272 746 3352 auxerat,
770 3289 850 3351 quas
874 3289 972 3350 supra
995 3287 1113 3329 memo-

103 3359 183 3422 ravi.
233 3357 415 3421 incitabant
445 3360 613 3439 praeterea
645 3357 795 3438 conrupti
822 3354 964 3419 civitatis
997 3375 1146 3437 mores,3

105 3468 187 3529 quos
210 3467 364 3529 pessuma
387 3444 574 3509 acsdivorsa
592 3445 677 3508 inter
696 3465 730 3508 se
749 3442 845 3527 mala,
867 3440 996 3505 luxuria
1014 3446 1112 3526 atque

103 3535 257 3620 avaritia,
280 3534 450 3598 vexabant.

913 3633 952 3686 1*
