2542 4192
303 406 461 464 SELEOTA
477 407 654 464 VETERUM
671 407 907 464 TESTIMONIA.
1065 410 1116 465 XV

106 558 146 617 ad
174 555 328 616 Cercinam
350 557 481 616 insulam
508 575 626 634 versus,
649 575 740 633 quam
767 556 938 618 adversarii·
960 558 1115 636 tenebant,

105 663 175 703 cnm
196 647 283 721 parte
301 645 426 704 navium
444 645 487 703 ire
505 643 599 723 iubet,
622 645 703 721 quod
725 643 768 703 ihi
790 662 934 722 maguum
956 665 1115 706 numerum

104 731 251 791 humenti
274 749 338 792 esse
361 731 512 791 audiebat.

172 855 240 914 ibid.
263 855 313 921 34,
336 857 364 914 1.
387 854 423 912 3.-

171 959 226 1016 per
247 940 327 1000 idem
350 944 469 1018 tempus
493 940 524 1001 O.
552 940 714 1001 Sallustius
739 940 874 1019 Crispus,
898 961 988 1019 quem
1009 943 1114 1019 paucis

104 1031 176 1087 ante
206 1027 311 1087 diebus
341 1029 466 1088 missum
496 1046 514 1087 a
544 1027 670 1089 Caesare
707 1047 776 1088 cum
805 1030 899 1089 classe
930 1030 1114 1090 demonstra·

107 1116 213 1191 vimus,
236 1114 392 1175 Cercinam
413 1117 559 1193 pervenit.
597 1116 826 1176 ...Sallustius
848 1117 970 1177 iuterim
992 1121 1115 1194 praetor

104 1223 124 1262 a
148 1202 344 1262 Cercinitanis
370 1207 510 1280 receptus
537 1222 648 1281 magno
678 1223 802 1264 numero
825 1205 970 1264 frumenti
990 1206 1113 1267 invento

105 1309 197 1352 naves
216 1292 376 1368 onerarias,
400 1309 529 1368 quarum
546 1291 589 1350 ibi
607 1291 683 1352 satis
702 1310 812 1369 magua
835 1293 922 1369 copia
944 1292 1012 1370 fuit,
1035 1311 1114 1353 com-

105 1379 171 1455 plet
193 1382 285 1456 atque
307 1379 340 1437 in
361 1383 463 1452 castra
485 1378 524 1438 ad
547 1378 704 1439 Gaesarem
725 1380 830 1439 mittit.

171 1503 386 1665 iidieii’oqlue
414 1587 525 1663 [Iubae
553 1587 664 1648 Cacsar
686 1606 713 1648 a.
736 1591 797 1648 708
816 1616 857 1637 =
876 1588 935 1664 46]
960 1591 1114 1666 provincia

105 1676 188 1734 facta
211 1677 301 1751 atque
319 1676 362 1734 ibi
380 1675 525 1735 Sallustio
543 1693 598 1752 pro
622 1675 744 1735 consule
768 1694 836 1735 cum
858 1677 984 1753 imperio
1007 1678 1113 1736 relicto

104 1763 171 1838 ipse
194 1761 285 1822 Zama
307 1781 445 1841 egressus
468 1763 589 1822 Uticam
611 1781 642 1821 se
665 1763 787 1839 recepit

174 1881 249 1958 App.
273 1887 297 1945 δ.
322 1889 374 1945 cio.
396 1886 440 1943 Π
459 1888 534 1944 100:

171 1969 221 2031 καὶ
237 1969 292 2048 την
311 1968 404 2052 ἀρχὴν
417 1970 472 2049 την
488 1965 567 2051 Ἰόβα
580 1975 695 2052 Καῖσαρ
709 1970 835 2050 δττοτελη
845 1967 996 2053 Ῥωμαίοις
1013 1971 1114 2052 ἐποίη·

46 2094 52 2103 ·
105 2074 167 2136 σεν,
190 2057 264 2143 αὐτῇ
288 2060 471 2121 Σαλούστιον
494 2059 628 2140 Κρίσπον
651 2058 873 2140 ἐγκαταστήσας.

171 2182 230 2241 Dio
255 2182 379 2242 XLIII
397 2185 426 2249 9,
448 2185 487 2242 2.·

171 2265 221 2327 καὶ
240 2267 310 2340 τοὺς
329 2268 473 2348 Νομάδας
495 2267 594 2348 λαβὼν
619 2264 649 2345 (ὁ
668 2262 797 2347 Καῖσαρ)
822 2266 852 2338 ἔς
875 2289 904 2328 τε
926 2268 959 2329 τὸ
977 2267 1112 2346 ὑπήκοον

92 2353 230 2434 »ἐπήγαγε
252 2353 303 2414 καὶ
329 2361 368 2440 τῷ
387 2356 558 2441 Σαλονστίῳ
586 2353 660 2440 λόγῳ
683 2352 737 2434 μὲν
760 2352 857 2435 ἄρχειν
880 2353 953 2439 ἔργῳ
977 2352 1008 2415 δὲ
1030 2353 1113 2435 ἄγειν

103 2465 134 2504 τε
163 2441 214 2502 καὶ
243 2439 344 2522 φέρειν
373 2441 539 2525 ἐπέτρεψεν.
589 2441 686 2521 ἀμέλει
714 2441 765 2502 καὶ
791 2441 991 2524 ἐδωροδόκησε
1020 2443 1113 2504 πολλὰ

104 2530 155 2591 καὶ
177 2529 324 2610 ἥρπασεν,
351 2528 422 2591 ὥστε
444 2529 495 2591 καὶ
516 2535 760 2612 κατηγορηθηναι
781 2529 831 2590 καὶ
854 2530 997 2610 αἰσχύνην
1020 2532 1112 2611 αἰσχί-

105 2635 177 2695 στην
208 2614 355 2695 oslacus,
388 2617 433 2678 ὅτι
464 2627 584 2680 τοιαῦτα
615 2619 823 2699 συγγράμματα
859 2618 1031 2700 συγγράψας
1062 2618 1113 2679 καὶ

77 2746 80 2751 »
104 2703 197 2765 πολλὰ
219 2703 269 2765 καὶ
292 2703 383 2785 πικρὰ
405 2704 472 2786 περὶ
494 2713 551 2767 τῶν
570 2704 815 2788 ἐκηαρποομέναν
837 2704 920 2777 τινὰς
942 2704 1033 2767 εἰπὼν
1056 2705 1113 2767 οὐκ

104 2791 262 2871 ἐμιμήσατο
291 2797 331 2876 τῷ
361 2789 435 2878 ἔργῳ
457 2793 526 2866 τοὺς
548 2792 661 2874 λόγους.
707 2793 780 2854 ὅθεν
808 2792 835 2853 εἰ
854 2792 904 2854 καὶ
932 2792 968 2853 τὰ
990 2793 1112 2872 μάλιστα

105 2879 218 2958 ἀφείθη
241 2876 300 2939 ὑπὸ
323 2888 376 2940 τοῦ
395 2880 556 2963 Καίσαρος,
579 2877 641 2941 ἀλλ’
666 2879 754 2952 αὐτός
776 2901 809 2960 γε
831 2877 936 2940 ἑαυτὸν
959 2879 1009 2940 καὶ
1030 2881 1111 2941 πάνυ

104 2973 140 3052 τῇ
164 2971 320 3052 συγγραφῇ
343 2965 564 3048 ἕστηλοκόττησε.

169 3093 228 3150 tac.
251 3093 284 3149 οη
304 3089 383 3165 Sall„
400 3094 429 3159 7,
453 3092 507 3152 19.-

170 3196 230 3236 non
249 3177 293 3237 ita
311 3179 498 3254 provinciam
516 3179 657 3256 vastavit,
679 3181 716 3237 ut
733 3178 809 3236 nihil
831 3197 928 3257 neque
946 3179 1028 3255 passi
1050 3180 1111 3238 sint

103 3284 200 3341 neque
228 3266 469 3341 exspectaverint
491 3267 615 3344 gravius
637 3267 669 3325 iu
691 3265 772 3325 bello
796 3267 868 3325 sccii
890 3267 995 3342 nostri,
1018 3264 1110 3343 quam

104 3352 219 3428 experti
246 3355 318 3412 sunt
344 3353 376 3411 in
402 3371 477 3430 pace
506 3354 562 3414 hoc
584 3353 719 3412 Africam
741 3353 912 3413 inferiorem
936 3353 1110 3413 obtinente?

103 3440 184 3498 unde
203 3442 323 3499 tantum
341 3440 390 3499 hic
409 3441 555 3519 exhausit,
578 3444 726 3518 qnantum
743 3440 845 3518 potuit
867 3443 922 3500 aut
939 3440 996 3499 fide
1014 3441 1109 3499 nomi-

102 3547 176 3586 num
203 3527 292 3586 traici
315 3531 370 3588 aut
391 3529 423 3587 in
445 3547 536 3590 naves
560 3529 710 3606 contrudi3
737 3531 869 3606 tantum,
896 3528 1032 3604 inquam,
1061 3546 1108 3586 ex-

102 3615 213 3693 hausit,
236 3618 339 3692 patres
362 3617 532 3695 conscripti,
556 3621 702 3695 quantum
725 3616 831 3676 voluit.
867 3633 905 3674 ne
925 3632 1047 3674 causam
1066 3615 1109 3674 di·

102 3706 193 3782 ceret,
212 3704 352 3779 sestertio
369 3703 547 3766 duodeciens
562 3723 630 3765 cum
644 3703 771 3765 (laesere
784 3701 956 3781 paciscitur.
989 3703 1109 3784 quodsi
