2542 4192
190 261 210 322 8
516 257 544 312 0.
564 255 735 313 SALLUSTI
753 257 868 313 calari

188 403 245 488 qui
267 403 372 467 videre
395 401 517 466 nemini
541 401 707 465 credibilia
730 406 816 488 sunt,
839 425 857 466 a
877 402 984 485 priva
970 403 1014 467 tis
1034 407 1196 489 conpluri-

148 492 249 556 sbus
276 490 450 554 subvorsos
473 489 603 573 montis,
626 490 729 555 maria
753 494 918 555 constrata
937 491 1030 556 esse?
1076 495 1194 577 quibus

188 579 268 642 mihi
295 578 404 642 vident
390 582 444 641 tur
470 577 611 641 ludibrio
638 578 739 642 fuisse
768 578 858 643 divit'
834 583 912 643 trae:
946 579 1078 664 quippe,
1113 604 1194 666 quas

187 666 304 730 honest
290 671 323 730 te
346 666 465 730 habere
489 664 617 748 licebat,
641 666 730 729 abut'
706 670 732 729 ιι
750 688 810 749 per
827 666 1062 750 turpitudinem
1081 693 1194 756 prope

152 754 312 819 arabant.
353 755 409 818 sed
427 753 589 817 lubidost
557 753 663 853 stupri
681 774 803 838 ganeae
822 759 873 820 cet
875 755 985 838 erique
1004 756 1071 819 cult
1057 760 1110 821 tus
1128 780 1194 823 non

188 843 295 907 minor
321 842 514 906 incesserat:
542 841 604 905 viri
632 841 804 906 muliebria
826 843 905 926 pati,
928 843 1080 908 mulieres
1103 847 1195 947 pudi-

188 930 326 995 citiam
316 953 353 994 ιιι
369 933 487 1013 propat
473 929 543 993 tulo
561 928 696 1014 habere3
714 931 863 995 vescendi
882 952 979 995 causa
997 935 1086 995 terra
1099 934 1195 997 mari-

189 1040 251 1102 que
274 1018 384 1083 omnia
407 1017 588 1101 exquirere3
617 1017 757 1082 dormire
761 1019 869 1119 'prius
894 1040 991 1102 quam
1015 1021 1120 1084 somni
1143 1044 1195 1087 cu-

186 1107 263 1190 pido
287 1110 382 1190 esset,
403 1127 470 1170 non
490 1105 611 1168 famem
634 1110 691 1168 aut
714 1105 812 1190 sitim,
836 1129 940 1207 neque
964 1107 1068 1192 frigus
1090 1131 1194 1194 neque

187 1194 413 1260 lassitudinem
428 1193 595 1344 ᾗορριιιιι,
623 1194 680 1257 sed
702 1215 740 1258 ea
763 1195 871 1259 omnia
893 1195 971 1259 luxu
995 1200 1194 1280 antecapere.

151 1282 302 1348 4haec
293 1285 427 1346 1uventu
428 1285 508 1364 tem,
537 1281 595 1344 ubi
621 1280 798 1346 familiares
827 1305 904 1366 opes
930 1282 1126 1368 defecerant,
1154 1286 1195 1349 ad

152 1370 332 1434 tfacinora
363 1369 590 1441 incendebant:
623 1369 754 1434 animus.
781 1370 915 1436 inbutus
943 1371 1037 1436 malis
1068 1376 1119 1436 art
1105 1335 1194 1437 tibus

187 1458 274 1522 haud
296 1457 391 1522 facile
414 1457 613 1522 lubidinibus
637 1459 781 1560 carebat3
804 1481 841 1524 eo
860 1458 1024 1543 protasius
1045 1460 1194 1525 omnibus

188 1547 292 1612 modis
317 1568 415 1630 quaes
417 1546 466 1610 tui
489 1549 586 1630 atque
609 1551 719 1630 sumpt
720 1547 754 1611 ui
705 1509 864 1611 t’dedit
850 1552 903 1611 tus
914 1551 1005 1696 terat.

130 1635 179 1698 514
276 1633 316 1698 In
343 1638 436 1698 tanta
417 1637 594 1717 atamque
627 1638 786 1716 conrupta
814 1634 927 1698 civitat
929 1633 1131 1718 eOatilina,
1162 1635 1196 1699 id

180 1722 276 1804 'quod
295 1721 384 1784 factu
402 1721 604 1785 facillumum
623 1724 702 1803 erat,
721 1721 865 1784 omnium
882 1720 1082 1804 flagit1orum
1097 1726 1195 1805 atque

189 1807 370 1872 facinorum
403 1807 524 1872 circum
556 1827 590 1869 se
622 1809 837 1888 tamquams
822 1807 1018 1890 stipatorum
1048 1812 1196 1874 catervas

152 1896 339 1959 shabebat.
392 1915 469 1958 nam
505 1893 698 1977 quicumque
730 1894 899 1976 inpudicus
932 1894 1059 1958 adulter
1091 1915 1196 1979 ganeo

188 2005 287 2047 manu
304 1985 415 2046 ventre
434 2001 515 2065 pene
533 1981 620 2045 bona
635 1981 742 2064 patria
755 1981 963 2066 laceraverat,
982 1982 1101 2065 quique
1121 1983 1197 2046 alie-

187 2094 267 2136 num
288 2093 342 2135 aes
362 2070 483 2156 grande
503 2068 708 2153 conflaverat,
731 2091 794 2153 quo
813 2069 976 2155 flagitium
995 2074 1051 2134 aut
1070 2070 1197 2135 facinus

152 2175 170 2224 8
189 2160 375 2241 redimeret,
404 2161 572 2242 praeterea
600 2178 711 2222 omnes
734 2157 875 2242 undique
897 2157 1077 2241 parricidae
1100 2159 1196 2223 sacri-

188 2247 255 2332 legi
278 2247 419 2312 convici
441 2245 568 2310 iudiciis
592 2249 650 2309 aut
667 2267 726 2328 pro
745 2245 812 2310 fact
813 2245 842 2308 is
861 2246 1015 2311 iudicium
1034 2246 1196 2330 timentes,

189 2336 230 2399 ad
245 2334 308 2398 hoc
322 2355 403 2417 quos
422 2355 537 2396 manus
557 2336 654 2416 atque
672 2334 784 2417 lingua
802 2333 944 2416 periurio
964 2337 1021 2398 aut
1039 2335 1197 2418 sanguine

189 2421 278 2486 civili
301 2421 423 2503 alebat,
451 2424 617 2502 postremo
641 2441 752 2485 omnes
776 2442 857 2503 quos
881 2420 1044 2505 flagitium
1069 2426 1196 2507 egestas

190 2509 338 2574 conscius
362 2508 488 2572 animus
512 2508 621 2592 exegit
607 2507 713 2591 t,abat
742 2508 771 2572 ei
795 2506 955 2574 Catilinae
978 2510 1129 2592 proxumi
1152 2509 1197 2573 fa-

152 2597 396 2698 rmiliaresque
419 2599 520 2660 erant.
561 2595 694 2678 quod
668 2617 697 2659 (ιι
715 2595 788 2679 quis
807 2596 907 2660 etiam
926 2619 945 2660 a
964 2597 1064 2748 culpat
1077 2619 1198 2661 vacuus

189 2685 224 2749 in
252 2684 430 2750 amicitiam
457 2684 526 2748 eius
556 2682 726 2768 inciderat,
754 2687 808 2749 cot
794 2684 917 2749 tidiano
944 2707 1006 2748 usu
1030 2689 1127 2769 atque
1150 2685 1197 2748 ιιι-

160 2773 326 2838 blecebris
349 2772 444 2837 facile
467 2794 527 2856 par
550 2771 730 2854 similisque
754 2772 870 2837 ceteris
893 2772 1104 2837 efficiebatur.
1141 2773 1197 2837 sed

189 2883 338 2945 maxume
355 2860 609 2925 adulescentium
623 2858 864 2925 familiaritates
879 2860 1066 2943 adpetebat:
1086 2882 1197 2925 eorum

191 2949 292 3012 animi
310 2949 425 3012 molles
445 2947 545 3012 etiam
564 2951 597 3011 et
615 2947 694 3011 fluxi
708 2947 791 3012 dolis
806 2948 892 3012 haud
906 2946 1081 3012 difficulter
1096 2948 1205 3031 capio

153 3051 171 3100 6
189 3036 316 3099 bantur.
356 3056 432 3098 nam
451 3039 488 3098 ut
508 3034 661 3118 cuiusque
680 3035 824 3099 studium
843 3057 883 3099 ex
901 3039 1008 3100 aetate
1027 3037 1200 3121 flagrabat,

190 3123 263 3188 aliis
287 3126 396 3187 scorta
414 3123 576 3206 praebere,
601 3123 673 3187 aliis
696 3145 790 3188 canes
810 3127 908 3206 atque
927 3145 1027 3207 equos
1047 3123 1199 3188 mercari:

188 3216 354 3295 postremo
381 3232 485 3295 neque
513 3210 658 3293 sumptui
684 3233 788 3295 neque
816 3211 994 3276 modestiae
1023 3233 1099 3276 suae
1128 3233 1200 3294 par·

153 3315 274 3384 acere,
301 3300 377 3364 dum
405 3299 479 3363 illos
508 3298 665 3363 obnoxios
692 3299 838 3383 fidosque
866 3299 929 3363 sibi
953 3300 1084 3365 faceret.
1130 3299 1198 3363 seio

188 3387 287 3453 fuisse
323 3410 390 3452 non
429 3386 550 3471 nullos,
592 3386 648 3470 qui
683 3386 731 3450 ita
767 3388 1026 3471 existumarent,
1053 3387 1200 3453 iuventu-

188 3479 265 3561 tem,
288 3498 370 3559 quae
397 3476 529 3540 domum
552 3473 713 3540 Catilinae
736 3474 980 3560 frequentabat,
1002 3497 1118 3558 parurn
1144 3475 1200 3539 bo-

189 3567 282 3627 neste
309 3563 500 3645 pudicitiam
526 3562 692 3648 habuisse3
710 3563 776 3627 sed
803 3583 842 3628 ex
869 3563 943 3627 aliis
966 3562 1061 3626 rebus
1085 3562 1201 3648 magis,
