2542 4192
178 286 243 350 110
510 282 539 338 (1.
559 281 730 338 SALLUSTI
750 280 866 337 CRISPI

140 445 158 494 4
177 452 250 494 rum
273 451 382 495 rerum
410 449 448 493 11
475 449 625 492 maxume
648 427 804 511 pecuniae
827 425 928 512 largit
930 448 975 491 or.
1021 431 1121 510 atque
1146 427 1199 493 illi

175 518 375 583 felicissumo
400 515 546 580 omnium
570 520 646 581 ante
666 515 794 580 civilem
818 515 992 580 uictoriam
1013 536 1199 599 numquam

177 627 274 689 super
301 605 440 669 indust'
399 608 498 669 trram
524 603 658 669 fortuna
690 602 767 687 fuit,
800 602 960 687 multique
992 603 1087 668 dubit
1073 607 1198 690 tavere,

176 694 294 758 fortior
318 715 360 758 an
381 692 509 757 felicior
532 696 626 757 esset.
658 714 737 756 nam
759 695 876 775 postea
899 713 980 776 quae
998 691 1186 778 feeeritin

177 785 302 848 eertum
323 781 430 846 habeo
453 774 574 865 pudeat
597 803 640 845 an
661 780 774 865 pigeat
797 779 903 865 magis
927 780 1093 846 disserere.

123 868 166 934 96
243 868 352 955 Igitur
376 868 480 955 Sulla,
508 869 558 934 uti
587 890 684 952 supra
712 868 779 933 diet
781 890 838 933 um
866 870 929 953 est,
957 870 1171 952 postquam
1160 893 1196 936 m

177 957 391 1023 Africamt
357 961 455 1041 atque
486 957 521 1021 in
551 960 659 1021 eastra
690 955 777 1020 Mari
810 978 884 1021 oum
916 956 1064 1039 equitatu
1042 959 1196 1044 uvenit,

177 1046 266 1111 rudis
296 1050 393 1110 antea
420 1048 454 1109 et
477 1045 611 1130 ignarus
639 1045 732 1129 belli,
764 1044 1020 1110 sollertissumus
1044 1046 1195 1112 omnium

142 1134 213 1198 ain
238 1133 351 1218 paucis
383 1133 635 1217 tempestatibus
663 1132 771 1198 faetus
799 1136 858 1198 est.
904 1133 946 1196 ad
971 1132 1035 1197 hoo
1067 1134 1194 1200 milites

176 1223 316 1308 benigne
340 1221 514 1306 appellare,
536 1221 649 1286 multis
673 1221 875 1308 rogantibus,
899 1220 972 1284 aliis
990 1242 1048 1304 per
1068 1242 1102 1285 se
1121 1221 1195 1307 ipse

177 1311 252 1375 dare
275 1309 440 1393 benificia,
467 1309 590 1375 invitus
620 1310 779 1394 accipere,
810 1309 867 1374 sed
895 1330 933 1373 ea
958 1311 1193 1393 properantius

177 1421 275 1482 quam
303 1419 357 1462 111
390 1402 541 1462 mutuum
573 1399 718 1482 reddere,
752 1397 822 1481 ipse
851 1397 891 1461 ab
914 1397 1005 1462 nullo
1033 1401 1195 1484 repetere,

177 1486 282 1572 magis
301 1486 335 1550 id
353 1486 512 1571 laborare,
530 1491 568 1551 ut
586 1487 637 1550 illi
656 1508 754 1571 quam
772 1485 915 1570 plurumi
935 1485 1100 1569 deberent,
1118 1485 1195 1551 1011

142 1591 158 1638 3
179 1579 277 1660 atque
296 1574 381 1639 11111
400 1597 474 1640 oum
491 1574 696 1639 humillumis
716 1595 821 1660 agere,
843 1574 879 1637 in
897 1573 1060 1657 operibus,
1082 1574 1119 1638 in
1137 1597 1194 1662 ag·

177 1664 264 1729 mine
287 1668 385 1746 atque
409 1664 450 1727 ad
472 1663 602 1748 vigilias
625 1662 748 1727 multus
773 1662 898 1746 adesse,
920 1683 1025 1744 neque
1048 1661 1194 1749 interim,

178 1751 264 1835 quod
295 1772 396 1834 prava
429 1751 566 1815 ambitio
599 1751 697 1834 solet,
731 1750 874 1815 consulis
907 1753 965 1814 aut
997 1749 1193 1834 cuiusquam

176 1839 255 1904 boni
278 1836 401 1901 famam
423 1838 559 1922 laedere,
583 1841 714 1902 tantum
736 1839 833 1903 modo
856 1859 960 1922 neque
980 1838 1118 1903 oonsilio
1136 1861 1194 1904 ne-

177 1947 239 2010 que
263 1947 362 1990 manu
384 1925 527 2010 priorem
555 1926 656 1990 alium
679 1926 765 2010 pati,
792 1926 964 2010 plerosque
993 1927 1192 1993 antevenire.

141 2029 158 2077 4
177 2015 295 2098 quibus
318 2014 416 2080 rebus
441 2018 474 2079 et
497 2015 624 2079 artibus
647 2014 739 2079 brevi
761 2013 867 2079 Mario
891 2013 1117 2098 militibusque
1141 2037 1194 2081 11-

176 2104 334 2169 rissumus
357 2102 474 2169 faetus.

123 2191 165 2256 97
264 2191 312 2256 At
330 2190 500 2278 Iugurtha,
517 2194 693 2275 postquam
713 2190 868 2274 oppidum
882 2189 1023 2275 Capsam
1042 2191 1193 2275 aliosque

176 2281 267 2346 looos
291 2281 435 2344 munitos
464 2283 497 2343 11
525 2280 588 2343 sibi
616 2279 708 2343 utilis
737 2279 833 2343 simul
861 2283 895 2343 11
918 2299 1071 2363 magnam
1094 2301 1192 2363 pecu·

176 2369 265 2433 niam
288 2368 451 2450 amiserat,
474 2368 515 2431 ad
535 2367 702 2432 Bocchum
719 2366 852 2432 nuntios
876 2366 981 2431 misit:
1005 2388 1103 2450 quam
1125 2368 1193 2450 pri-

177 2477 267 2520 mum
289 2455 325 2518 in
346 2453 537 2519 Numidiam
565 2455 675 2538 copias
700 2455 885 2520 adduceret:
911 2454 1017 2539 proeli
1044 2454 1192 2521 faoiundi

142 2548 306 2627 stempas
330 2543 450 2608 adesse.
484 2564 580 2628 quem
602 2543 660 2607 ubi
684 2543 830 2608 cunctari
852 2543 977 2627 aceepit
1001 2546 1034 2606 et
1053 2543 1192 2608 dubium

176 2632 255 2698 belli
279 2636 376 2716 atque
403 2631 493 2716 pasis
522 2630 665 2696 rationes
694 2631 836 2715 trahere,
868 2653 980 2696 rursus
1009 2631 1060 2695 uti
1092 2635 1193 2696 antea

177 2742 352 2806 proxumos
385 2720 455 2785 eius
483 2720 576 2785 donis
604 2719 768 2804 oonrupit,
799 2719 926 2805 ipsique
948 2717 1063 2784 Mauro
1093 2720 1192 2803 polli-

178 2814 269 2874 cetur
287 2807 460 2873 Numidiae
477 2812 607 2892 partem
624 2807 766 2891 tertiam,
790 2807 818 2872 si
842 2812 899 2873 aut
916 2807 1057 2873 Romani
1074 2806 1193 2873 Africa

177 2897 303 2981 expulsi
330 2900 389 2961 aut
416 2897 554 2981 integris
584 2896 651 2961 suis
679 2895 799 2960 finibus
826 2896 949 2961 bellum
982 2895 1193 2980 conpositum

142 2984 271 3049 aforet.
305 3005 343 3049 1ο
365 2985 510 3068 praemio
533 2985 672 3049 1111111111
695 2984 845 3049 Bocchus
868 3006 942 3049 eum
964 3005 1085 3070 magna
1107 2985 1192 3049 mul·

178 3071 317 3138 titudine
340 3071 536 3157 Iugurtham
559 3073 694 3137 adsedit.

243 3161 297 3226 Ita
321 3160 491 3224 amborum
514 3161 657 3226 exercitu
685 3160 858 3226 coniuncto
881 3158 1032 3244 Marium,
1059 3159 1126 3224 iam
1153 3160 1192 3225 in

177 3250 315 3315 hiberna
336 3248 607 3334 proficiscentem,
628 3249 684 3314 vix
707 3249 841 3314 decuma
867 3252 960 3332 parte
988 3247 1039 3312 die
1062 3247 1193 3332 reliqua

178 3340 344 3423 invadunt,
366 3337 431 3402 rati
452 3342 592 3422 noctem,
615 3359 697 3422 quae
720 3337 787 3401 iam
810 3337 929 3420 aderat,
952 3340 986 3400 et
1004 3336 1100 3400 vietis
1125 3336 1192 3402 sibi

178 3428 379 3493 munimento
407 3426 477 3491 fore
510 3430 557 3510 et,
587 3426 616 3491 si
645 3425 813 3509 viaissent,
844 3425 934 3489 nullo
957 3424 1192 3510 inpediment0,

179 3517 256 3600 quia
277 3517 424 3581 locorum
448 3514 587 3580 seientes
612 3518 718 3598 erant,
748 3516 862 3578 eontra
884 3512 1042 3577 Romanis
1065 3516 1193 3578 utrum·

142 3619 160 3667 4
179 3625 240 3688 que
264 3625 374 3668 casum
397 3604 432 3667 in
454 3603 598 3668 tenebris
622 3601 839 3668 difficiliorem
857 3600 935 3667 fore.
967 3600 1072 3687 igitur
1090 3600 1193 3667 simul
