2542 4192
300 243 448 299 BELLUM
466 243 661 299 CATILINAE
681 261 704 302 c.
723 251 837 301 ar-ar.
1032 246 1073 308 17

63 391 163 456 aliter
186 389 255 454 sine
277 389 391 473 populi
412 389 504 454 iussu
526 389 647 453 nullius
676 411 787 453 earum
814 412 922 454 rerum
950 391 1075 456 consuli

64 479 118 543 ius
142 481 200 542 est.

132 564 214 630 Post
236 586 356 648 paucos
381 565 449 629 dies
468 564 504 628 L.
520 563 655 630 Saenius
679 568 810 630 senator
831 566 867 630 in
885 570 1000 631 senatu
1024 567 1077 630 lit·
1086 567 1131 632 30

64 658 155 719 teras
178 653 342 736 recitavit,
366 675 446 736 quas
469 653 616 717 Faesulis
641 653 766 717 adlatas
790 654 854 717 sibi
877 654 1018 738 dicebat,
1041 655 1076 719 in

67 742 186 825 quibus
210 741 368 823 scriptum
391 745 461 804 erat
488 739 522 806 C.
546 740 705 804 Manlium
732 763 822 805 arma
850 743 973 825 cepisse
1002 765 1076 807 cum

66 850 188 914 magna
206 827 414 892 multitudine
434 832 509 892 ante
528 828 613 892 diem
631 827 679 892 VI
697 829 851 893 kalendas
870 829 1075 895 Novembris.

65 917 180 999 simul,
211 916 246 980 id
274 917 360 999 quod
385 916 421 979 in
444 916 503 979 tali
531 938 565 979 re
589 917 686 1000 solet,
714 916 770 979 alii
797 921 950 999 portenta
978 922 1111 1001 atque2

67 1004 218 1088 prodigia
234 1003 438 1088 nuntiabant,
457 1003 514 1067 alii
532 1008 708 1068 conventus
726 1004 806 1087 fieri,
829 1027 919 1068 arma
941 1005 1076 1089 portari,

67 1091 197 1176 Capuae
221 1095 319 1175 atque
337 1091 373 1155 in
386 1091 506 1175 Apulia
529 1092 645 1156 servile
663 1091 786 1156 bellum
805 1093 937 1157 moveri.
973 1094 1077 1178 igitur
1094 1109 1111 1156 3

67 1180 174 1245 senati
197 1181 326 1244 decreto
351 1178 387 1254 Q.
410 1178 552 1244 Marcius
570 1178 641 1243 Rex
663 1179 833 1265 Faesulas,
864 1180 900 1256 Q.
924 1179 1076 1244 Metellus

69 1266 217 1332 Creticus
241 1268 276 1330 in
289 1267 443 1350 Apuliam
466 1268 650 1350 circumque
673 1290 711 1332 ea
728 1269 801 1333 loca
820 1269 912 1332 missi
936 1266 980 1354 (ei
997 1269 1077 1333 utri·
1095 1285 1113 1331 4

67 1378 130 1439 que
154 1356 195 1420 ad
217 1355 331 1419 urbem
353 1355 565 1438 imperatores
590 1359 691 1439 erant,
718 1356 868 1440 inpediti,
899 1380 940 1421 ne
964 1358 1077 1421 trium·

67 1445 223 1527 pharent,
250 1443 411 1507 calumnia
437 1464 628 1526 paucorum,
660 1442 776 1526 quibus
810 1446 918 1508 omnia
939 1446 1078 1509 honesta

69 1535 170 1614 atque
202 1530 372 1594 inhonesta
403 1531 539 1594 vendere
575 1552 646 1594 mos
679 1527 780 1614 erat),
818 1533 874 1595 sed
909 1537 1111 1615 praetcresa

68 1619 108 1695 Q.
135 1618 309 1700 Pompeius
338 1617 443 1682 Rufus
476 1617 633 1702 Capuam,
667 1618 704 1694 Q.
734 1617 886 1692 Metellus
919 1618 1011 1683 Celer
1042 1620 1078 1683 in

68 1727 186 1791 agrum
204 1705 371 1790 Picenum,
399 1706 508 1788 eisque
530 1707 739 1790 permissum,
766 1707 817 1770 uti
842 1730 902 1790 pro
930 1711 1077 1791 tempore

68 1798 168 1877 atque
190 1795 334 1876 periculo
348 1794 525 1857 exercitum
549 1797 770 1877 conpararent.
803 1795 933 1879 adhoc,
956 1796 984 1859 si
1004 1796 1113 1879 quise

70 1882 278 1946 indicavisset
293 1883 331 1945 de
346 1882 576 1966 coniuratione,
596 1904 676 1965 quae
692 1886 805 1946 contra
823 1904 893 1947 rem
911 1884 1077 1966 publicam

70 1969 158 2034 facta
190 1973 275 2051 erat,
306 1969 487 2052 praemium
519 1991 611 2033 servo
644 1971 831 2033 libertatem
864 1974 898 2034 et
925 1971 1077 2034 sestertia

70 2061 209 2140 centum,
223 2056 327 2120 libero
341 2057 558 2139 inpunitatem
572 2057 640 2120 cius
655 2057 702 2120 rei
716 2061 749 2120 et
764 2059 917 2141 sestertia
931 2059 1077 2138 ducenta,

69 2146 213 2228 itemque
240 2145 421 2228 decrevere,
448 2145 498 2208 uti
526 2144 739 2228 gladiatoriae
766 2144 909 2207 familiae
932 2143 1112 2226 Capuam?

71 2237 106 2297 et
132 2233 168 2297 in
195 2238 302 2297 cetera
328 2233 505 2316 municipia
532 2232 804 2296 distribuerentur
835 2254 894 2315 pro
923 2231 1077 2315 cuiusque

70 2321 201 2406 opibus,
223 2320 346 2385 Romae
373 2343 431 2403 per
454 2324 559 2384 totam
586 2320 700 2384 urbem
727 2320 858 2404 vigiliae
879 2320 1078 2384 haberentur

69 2410 181 2492 eisque
204 2407 344 2472 minores
364 2408 576 2493 magistratus
599 2414 795 2493 praeessent.

138 2496 263 2572 Quibus
277 2496 373 2560 rebus
391 2500 540 2581 permota
558 2496 672 2560 civitas
692 2500 789 2580 atque
807 2497 968 2560 inmutata
986 2496 1076 2560 urbis
1087 2495 1128 2561 31

70 2584 171 2648 facies
195 2587 273 2648 erat.
319 2605 358 2647 ex
386 2605 512 2648 summa
538 2584 665 2648 laetitia
695 2588 791 2666 atque
819 2584 966 2665 lascivia,
996 2605 1077 2665 quae

70 2673 225 2736 diuturna
252 2671 342 2755 quies
369 2676 551 2756 pepererat,
579 2676 711 2755 repente
739 2670 843 2735 omnis
871 2670 1009 2733 tristitia
1032 2671 1078 2733 in·

72 2759 170 2824 rasit:
201 2759 356 2824 festinare
383 2761 558 2843 trepidare,
587 2781 690 2842 neque
720 2759 792 2822 loco
820 2779 923 2840 neque
953 2756 1112 2820 hominia

70 2848 223 2931 cuiquam
255 2848 335 2912 satis
368 2850 511 2931 credere,
541 2868 645 2930 neque
678 2845 800 2909 bellum
832 2866 942 2930 gerere
973 2865 1077 2927 neque

70 2957 185 3019 pacem
207 2936 335 3019 habere,
359 2957 417 3000 suo
441 2936 577 3018 quisque
601 2938 690 2998 metu
712 2934 857 3016 pericula
879 2932 995 2997 metiri.
1037 2933 1078 2996 ad
1097 2949 1113 2996 3

70 3023 134 3088 hoc
162 3024 327 3106 muliereS,
355 3023 471 3107 quibus
500 3023 547 3086 rei
573 3022 722 3106 publicae
750 3021 972 3106 magnitudine
999 3021 1078 3085 belli

71 3111 173 3176 timor
194 3111 347 3175 insolitus
370 3112 561 3194 incesserat,
585 3110 750 3174 adflictare
770 3132 849 3192 sese,
873 3131 986 3173 manus
1006 3130 1079 3189 sup·

71 3198 173 3282 plices
196 3200 237 3263 ad
259 3199 384 3263 caelum
407 3200 547 3280 tendere,
570 3197 717 3261 miserari
739 3219 857 3281 parvos
877 3197 1005 3276 liberos,
1028 3216 1078 3257 ro-

71 3287 178 3372 gitare
206 3287 315 3352 omnia
347 3289 452 3350 omnia
480 3308 610 3369 pavere,
642 3285 794 3369 superbia
825 3289 923 3367 atque
954 3281 1077 3346 deliciis

71 3374 202 3439 omissis
226 3375 289 3439 sibi
311 3375 500 3458 patriaeque
524 3374 676 3438 diffidere.

138 3463 185 3527 At
209 3462 369 3528 Catilinae
393 3461 530 3527 crudelis
554 3462 680 3526 animus
704 3462 816 3523 eadem
839 3458 896 3522 illa
918 3457 1114 3542 movebat,4

71 3550 206 3614 tametsi
241 3550 402 3634 praesidia
435 3550 634 3633 parabantur
670 3552 703 3612 et
734 3548 804 3632 ipse
840 3546 911 3630 lege
948 3544 1079 3610 Plautia

126 3661 142 3703 s
145 3672 285 3705 aaaaaaaaa
920 3655 935 3701 a
