2542 4192
346 238 493 295 BELLUM
511 240 707 297 CATILINAE
727 260 750 298 c.
770 250 865 298 9-13.
1096 244 1114 306 7

108 385 283 452 contendit.
338 386 476 450 avaritia
506 386 660 470 pecuniae
693 387 837 452 studium
868 389 981 472 habet,
1018 404 1152 472 quams

105 496 200 539 nemo
229 473 357 556 sapiens
386 474 584 559 concupivit3
612 496 649 538 ca
677 476 770 558 quasi
796 477 927 542 venenis
951 477 1045 541 malis
1068 478 1116 541 in·

105 563 187 627 buta
209 583 326 644 corpus
351 562 558 645 animumque
581 562 708 626 virilem
728 564 901 649 effeminat,
924 587 1051 649 semper
1068 565 1116 629 in·

105 651 199 714 finita
225 649 423 713 insatiabilis
452 653 515 733 est,
541 672 645 734 neque
673 651 766 734 copia
792 674 896 736 neque
923 653 1035 736 inopia
1057 653 1116 716 mi·

105 738 225 801 nuitur.
276 737 332 801 sed
367 742 542 822 postquam
578 737 614 802 L.
652 736 742 803 Sulla
765 742 877 804 -armis
913 745 1044 825 recepta
1079 755 1151 812 rer

104 825 237 909 publica
267 825 363 889 bonis
394 825 498 890 initiis
530 826 634 890 malos
666 831 800 892 eventus
836 828 965 912 habuit,
1001 851 1114 912 rapere

106 935 229 997 omnes,
248 913 385 997 trahere,
404 913 536 978 domum
555 914 638 977 alius
658 914 740 999 alius
755 936 851 1000 agros
867 938 991 1001 cupere,
1009 938 1115 1001 neque

105 1002 237 1066 modum
259 1023 363 1084 neque
387 1002 580 1065 modestiam
607 1003 746 1067 victores
769 1002 902 1088 habere,
929 1004 1023 1068 foeda
1046 1027 1115 1069 cru·

104 1089 255 1173 deliaque
278 1089 313 1153 in
336 1089 415 1154 civis
434 1089 579 1154 facinora
597 1091 711 1154 facere.
751 1091 815 1155 huc
833 1092 1009 1156 adcedebat
1028 1092 1152 1175 quodo

105 1176 141 1241 L.
163 1176 255 1242 Sulla
273 1177 460 1261 exercitum,
479 1199 575 1261 quem
593 1179 629 1242 in
646 1177 727 1242 Asia
745 1179 943 1264 ductaverat,
967 1201 1030 1263 quo
1050 1179 1114 1243 sibi

105 1265 206 1329 fidum
224 1265 355 1349 faceret,
374 1269 489 1330 contra
506 1288 631 1330 morem
649 1267 808 1330 maiorum
826 1267 991 1332 luxuriose
1004 1266 1115 1331 nimis-

106 1375 168 1436 que
191 1352 371 1417 liberaliter
393 1353 560 1418 habuerat.
606 1355 679 1418 loca
704 1376 840 1418 amoena
864 1354 1047 1438 voluptaria
1069 1354 1115 1419 fa-

105 1441 167 1505 cile
194 1441 230 1504 in
259 1441 327 1506 otio
351 1439 468 1505 ferocis
492 1441 635 1504 militum
658 1441 782 1506 animos
806 1442 1021 1507 molliverant.
1066 1443 1151 1507 ibis

104 1528 247 1612 primum
273 1529 415 1593 insuevit
442 1529 602 1593 exercitus
629 1528 743 1612 populi
765 1528 905 1593 Romani
928 1551 1036 1594 amare
1059 1551 1115 1612 po·
1225 1526 1232 1551 ⁴
1267 1600 1271 1615 Δ

104 1621 185 1699 tare,
209 1616 303 1702 signa
325 1616 455 1680 tabulas
478 1617 584 1700 pictas
606 1638 684 1680 vasa
708 1616 832 1693 caelata
851 1617 972 1701 mirari,
995 1639 1033 1681 ea
1050 1616 1115 1700 pri·
1135 1556 1189 1677 di
1218 1600 1253 1657 ί*

105 1704 208 1768 vatim
235 1704 420 1788 etpublicc
442 1725 569 1788 rapere,
591 1704 726 1769 delubra
749 1705 903 1790 spoliare,
927 1727 1019 1770 sacra
1041 1727 1114 1788 pro·

104 1791 244 1876 fanaque
273 1792 382 1856 omnia
404 1791 557 1875 polluere.
602 1792 704 1877 igitur
727 1793 756 1856 ci
779 1793 914 1878 milites,
938 1797 1114 1878 postquam
1133 1807 1151 1856 v

105 1879 276 1944 victoriam
291 1879 400 1963 adepti
414 1883 499 1964 sunt,
512 1879 595 1943 nihil
609 1880 726 1964 reliqui
740 1880 836 1944 victis
850 1881 963 1946 fecere.
995 1881 1113 1966 quippe
1132 1895 1151 1944 8

106 1967 263 2032 secundae
287 1989 339 2031 res
363 1967 559 2050 sapientium
582 1968 707 2032 animos
730 1967 886 2052 fatigant:
908 1990 949 2033 ne
972 1969 1021 2032 illi
1040 1991 1115 2033 con·

105 2055 212 2139 ruptis
235 2055 381 2120 moribus
404 2055 559 2120 victoriae
582 2059 809 2138 temperarent.

173 2141 354 2227 Postquam
372 2142 504 2207 divitiae
521 2141 639 2206 honori
657 2163 727 2206 esse
742 2163 876 2224 coepere
890 2145 924 2205 et
938 2163 992 2206 cas
1007 2142 1114 2227 gloria
1124 2142 1174 2206 12·

105 2230 278 2313 imperium
300 2230 449 2315 potentia
472 2229 679 2313 sequebatur,
701 2229 874 2294 hebescere
896 2229 1015 2314 virtus,
1037 2252 1114 2313 pau·

104 2323 216 2402 pertas
239 2320 359 2402 probro
377 2317 500 2401 haberi,
517 2318 703 2382 innocentia
720 2340 779 2401 pro
800 2317 1022 2382 malivolentia
1040 2317 1114 2382 duci

106 2406 222 2489 coepit.
271 2406 374 2490 igitur
405 2428 445 2470 cx
476 2405 598 2471 divitiis
629 2407 831 2471 iuventutem
861 2406 989 2470 luxuria
1016 2410 1151 2491 atquea

105 2493 245 2559 avaritia
263 2516 338 2559 cum
356 2493 507 2578 superbia
525 2494 684 2558 invasere:
702 2516 815 2577 rapere
839 2516 1036 2578 consumere,
1056 2516 1115 2559 sua

104 2581 199 2665 parvi
221 2581 359 2665 pendere
388 2581 493 2645 aliena
516 2603 645 2665 cupere,
668 2582 824 2665 pudorem
846 2582 1046 2665 pudicitiam,
1069 2582 1115 2645 di·

105 2669 182 2733 vina
204 2673 302 2751 atque
325 2668 468 2734 humana
490 2669 683 2753 promiscua,
704 2669 787 2733 nihil
807 2669 901 2752 pensi
924 2690 1028 2752 neque
1047 2690 1115 2732 mo·

105 2756 210 2821 derati
232 2757 361 2821 habere.
407 2778 522 2840 operae
545 2757 687 2840 pretium
708 2760 767 2840 cst,
791 2777 865 2820 cum
883 2756 996 2843 domps
1015 2759 1150 2839 atque3
1227 2772 1245 2801 r

105 2843 203 2908 villas
226 2844 416 2930 cognoveris
439 2845 474 2907 in
496 2845 626 2908 urbium
648 2845 780 2908 modum
803 2828 1042 2927 exaedificatas,
1069 2844 1114 2918 vi-
1216 2796 1254 2908 d<

106 2953 176 2995 sere
190 2932 313 3016 templa
327 2934 469 3016 deorum,
486 2953 568 3015 quac
582 2932 687 2996 nostri
702 2931 851 3015 maiores,
864 2930 1113 3016 religiosissumi

105 3020 276 3103 mortales,
302 3020 415 3085 fecere.
459 3042 572 3084 verum
599 3019 648 3082 illi
671 3020 805 3084 delubra
827 3021 959 3084 deorum
981 3020 1150 3103 pietaten

104 3107 219 3172 domos
244 3129 318 3172 suas
342 3107 449 3194 gloria
470 3107 676 3190 decorabant,
697 3129 801 3191 neque
824 3105 919 3172 victis
941 3108 1113 3191 quicquam

104 3199 235 3277 practer
265 3195 403 3260 iniuriae
434 3194 602 3260 licentiam
628 3195 817 3280 eripiebant.
867 3199 902 3259 at
928 3194 963 3257 hi
991 3197 1151 3276 contrat>

104 3281 319 3366 ignavissumi
341 3283 503 3367 homines,
530 3305 588 3366 per
616 3305 779 3347 summum
810 3283 915 3347 scelus
940 3280 1049 3344 omnia
1075 3302 1114 3344 ea

104 3370 202 3435 sociis
227 3371 381 3455 adimere,
409 3393 490 3455 quae
519 3371 702 3435 fortissumi
731 3369 793 3434 viri
816 3370 955 3434 victores
978 3368 1114 3452 relique·

104 3461 193 3521 rant:
220 3459 355 3542 proinde
384 3459 477 3542 quasi
503 3459 655 3523 iniuriam
682 3458 787 3522 facere
814 3456 847 3520 id
874 3456 1003 3519 demum
1027 3460 1114 3521 esset

103 3544 241 3630 imperio
269 3546 328 3611 uti.
372 3568 449 3610 nam
477 3546 554 3629 quid
582 3568 621 3611 ea
647 3565 838 3629 memorem,
866 3564 948 3627 quac
974 3544 1039 3609 nisi
1065 3545 1169 3612 cis13
