2542 4192
203 250 244 314 78
532 247 559 303 0.
579 246 749 302 SALLUSTI
767 245 882 302 CRISPI

123 379 126 385 ’
166 413 182 459 3
267 394 315 460 At
332 393 501 478 Iugurtha,
523 392 580 456 ubi
604 395 783 456 extremum
806 411 924 475 agmen
941 389 1068 455 Metelli
1086 391 1218 475 primos

202 504 277 546 suos
300 486 579 566 praetergressum
601 480 702 563 videt,
729 478 890 562 praesidio
914 478 1008 562 quasi
1030 479 1130 543 duum
1154 479 1215 543 mi·

200 570 282 633 lium
308 569 455 653 peditum
478 572 623 633 montem
647 570 796 650 occupat,
819 588 883 650 qua
905 564 1059 630 Metellus
1082 567 1216 632 descen·

201 657 301 740 derat,
322 678 363 720 ne
387 656 470 720 forte
495 655 681 722 cedentibus
701 654 895 719 advorsariis
913 653 1059 738 receptui
1078 676 1116 718 ac
1133 660 1216 739 post

201 745 402 809 munimento
425 744 519 809 foret.
564 742 639 807 dein
661 747 792 826 repente
816 742 910 827 signo
934 742 1010 806 dato
1033 741 1140 806 hostis
1165 742 1214 807 in-

165 850 183 898 4
201 833 299 897 vadit.
335 831 495 897 Numidae
516 830 572 896 alii
589 834 773 914 postremos
793 831 933 913 caedere,
950 851 1026 913 pars
1041 851 1061 894 a
1075 829 1216 894 sinistra

201 941 239 985 ac
262 921 374 984 dextra
398 923 567 1003 temptare,
589 917 708 982 infensi
731 917 842 982 adesse
866 922 964 1001 atque
987 917 1119 1003 instare,
1143 939 1210 982 om·

200 1008 297 1072 nibus
325 1007 405 1073 locis
429 1007 651 1072 Romanorum
674 1005 801 1070 ordines
826 1005 1027 1071 conturbare.
1070 1027 1210 1090 quorum

201 1097 301 1161 etiam
329 1096 384 1178 qui
411 1094 609 1159 firmioribus
640 1093 757 1158 animis
785 1093 873 1157 obvii
895 1093 1046 1158 hostibus
1069 1093 1215 1178 fuerant,

200 1184 358 1249 ludificati
380 1183 504 1247 incerto
527 1181 651 1265 proelio
675 1181 738 1264 ipsi
761 1180 857 1245 modo
877 1181 1002 1246 eminus
1021 1181 1214 1246 sauciaban-

201 1277 255 1336 tur
267 1285 371 1354 neque
391 1274 504 1336 contra
521 1269 661 1334 feriundi
679 1273 737 1333 aut
756 1270 946 1334 conserundi
965 1291 1098 1333 manum
1114 1269 1213 1353 copia

166 1364 279 1424 serat.
321 1362 396 1423 ante
420 1358 485 1422 iam
508 1357 596 1423 docti
615 1357 655 1422 ab
674 1355 836 1442 Iugurtha
854 1357 989 1441 equites,
1012 1356 1068 1421 ubi
1090 1348 1212 1421 Roma-

199 1469 316 1512 norum
343 1450 451 1511 turma
477 1445 605 1529 insequi
632 1449 795 1528 coeperat,
820 1467 886 1509 non
909 1444 1081 1510 confertim
1102 1466 1213 1528 neque

200 1535 235 1598 in
248 1557 348 1599 unum
367 1555 436 1599 sese
455 1533 672 1617 recipiebant,
683 1533 739 1597 sed
757 1533 839 1596 alius
859 1532 923 1597 alio
943 1554 1041 1616 quam
1057 1553 1213 1598 maxume

166 1641 182 1689 6
201 1623 331 1687 divorsi.
376 1622 424 1686 ita
445 1642 579 1686 numero
598 1621 732 1704 priores,
755 1621 783 1684 si
802 1620 843 1684 ab
861 1620 1081 1704 persequendo
1099 1620 1212 1686 hostis

201 1709 361 1774 deterrere
387 1709 613 1792 nequiverant,
640 1708 793 1772 disiectos
825 1708 866 1772 ab
894 1711 988 1793 tergo
1015 1711 1072 1773 aut
1098 1707 1211 1773 lateri·

200 1797 261 1861 bus
276 1796 583 1860 circumveniebant:
598 1796 649 1860 sin
663 1796 877 1878 opportunior
890 1795 986 1881 fugae
1001 1795 1093 1861 collis
1109 1817 1210 1879 quam

201 1884 307 1968 campi
329 1883 445 1966 fuerat,
468 1904 600 1951 cavero
619 1883 767 1948 consueti
785 1882 1000 1948 Numidarum
1019 1883 1094 1966 equi
1111 1883 1209 1949 facile

199 1972 285 2036 inter
307 1971 450 2056 virgulta
473 1971 615 2055 evadere,
636 1975 767 2036 nostros
791 1972 951 2054 asperitas
975 1975 1008 2035 et
1031 1971 1211 2037 insolentia

147 2060 187 2126 51
199 2060 264 2126 loci
286 2060 455 2125 retinebat.
500 2064 643 2125 ceterum
665 2058 765 2125 facies
788 2060 891 2123 totius
912 2059 1025 2145 negoti
1047 2059 1139 2124 varia
1160 2060 1209 2125 in·

201 2154 302 2234 certa,
332 2147 428 2213 foeda
459 2152 556 2230 atque
584 2147 791 2239 miserabilis:
824 2147 961 2230 dispersi
987 2169 1007 2212 a
1035 2147 1102 2212 suis
1129 2170 1208 2231 pars

200 2238 310 2303 cedere
345 2236 401 2301 alii
432 2236 575 2320 insequi3
605 2257 709 2319 neque
742 2235 836 2320 signa
864 2256 967 2318 neque
996 2235 1124 2299 ordines
1151 2236 1208 2300 ob-

200 2345 337 2407 servare,
359 2323 416 2386 ubi
440 2345 598 2407 quemque
620 2323 800 2407 periculum
824 2326 962 2407 ceperat,
984 2322 1030 2386 ibi
1052 2322 1207 2388 resistere

200 2433 237 2476 ac
255 2410 459 2494 propulsare3
482 2433 573 2475 arma
591 2410 666 2494 tela,
689 2411 763 2493 equi
781 2410 852 2493 viri,
872 2411 984 2476 hostes
1003 2415 1099 2494 atque
1119 2411 1207 2476 cives

199 2498 366 2582 permixti3
387 2497 470 2561 nihil
493 2498 628 2563 consilio
646 2520 749 2582 neque
768 2498 905 2581 imperio
924 2499 988 2583 agi,
1009 2498 1077 2562 fors
1096 2499 1209 2564 omnia

165 2601 319 2671 aregere.
364 2585 474 2669 itaque
502 2587 642 2650 multum
669 2586 733 2649 diei
759 2591 975 2670 processerat,
1003 2608 1076 2652 cum
1104 2586 1207 2651 etiam

165 2690 180 2737 3
200 2678 271 2738 tum
294 2678 427 2739 eventus
451 2674 485 2738 in
507 2675 631 2740 incerto
654 2678 733 2738 erat.
770 2673 907 2757 denique
926 2674 1074 2739 omnibus
1093 2674 1207 2739 labore

199 2766 233 2826 et
255 2767 348 2827 aestu
370 2763 533 2848 languidis
555 2761 717 2846 Metellus,
740 2761 796 2826 ubi
814 2762 902 2827 videt
920 2761 1079 2827 Numidas
1097 2762 1207 2827 minus

198 2850 334 2933 instare,
361 2851 520 2933 paulatim
547 2850 667 2914 milites
695 2850 729 2913 in
756 2871 856 2914 unum
887 2849 1048 2933 conducit,
1076 2849 1206 2914 ordines

198 2937 345 3001 restituit
377 2941 410 3001 et
442 2938 586 3002 cohortis
618 2937 813 3021 legionarias
847 2941 1002 3021 quattuor
1033 2937 1207 3003 advorsum

198 3023 323 3107 pedites
351 3024 497 3088 hostium
525 3025 682 3090 conlocat.
726 3046 838 3090 eorum
866 3046 984 3110 magna
1010 3046 1086 3108 pars
1113 3045 1207 3108 supe-

163 3127 181 3175 4
199 3110 339 3176 rioribus
362 3111 443 3176 locis
461 3111 548 3176 fessa
566 3113 763 3177 consederat.
800 3113 896 3177 simul
916 3134 1008 3178 orare
1028 3117 1061 3177 et
1078 3112 1206 3177 hortari

199 3199 333 3283 milites,
354 3221 394 3264 ne
418 3199 590 3265 deficerent
611 3222 674 3265 neu
695 3203 885 3284 paterentur
911 3200 1016 3264 hostis
1047 3199 1205 3285 fugientis

199 3288 339 3353 vincere:
370 3309 474 3371 neque
506 3287 572 3351 illis
605 3291 714 3353 castra
741 3309 810 3353 esse
836 3310 940 3372 neque
968 3287 1206 3353 munimentum

200 3375 315 3459 ullum,
344 3397 407 3459 quo
436 3376 584 3441 cedentes
612 3377 792 3460 tenderent3
819 3377 854 3440 in
875 3377 974 3441 armis
999 3375 1107 3440 omnia
1130 3375 1204 3439 sita

165 3479 180 3526 5
201 3463 256 3526 sed
274 3484 314 3526 ne
327 3462 489 3547 Iugurtha
507 3463 636 3547 quidem
649 3466 773 3528 interea
788 3464 915 3546 quietus
932 3467 1015 3528 erat:
1034 3463 1204 3528 circumire

199 3549 335 3630 hortari,
358 3572 511 3617 renovare
533 3551 693 3636 proelium
716 3555 750 3616 et
771 3551 840 3636 ipse
859 3573 933 3617 cum
951 3551 1083 3616 delectis
1102 3556 1205 3636 temp·
