2542 4192
195 221 240 287 50
524 218 552 275 Ο.
573 217 746 272 SALLUSTI
764 215 880 271 CRISPI

195 367 316 450 pleant,
293 364 453 429 tdeinde
471 385 574 428 novos
594 361 776 445 adquirant,
788 365 966 513 tpostremo
987 383 1214 446 quaecumque

158 472 176 521 ἰ
195 454 324 537 possint
337 452 509 537 largiundo
523 472 638 535 parare
652 472 692 515 ne
706 453 802 514 cunct
804 453 907 516 entur.
932 451 988 514 sed
1001 451 1058 514 ubi
1068 449 1213 515 Romam

196 541 298 626 legati
316 561 431 604 venere
450 543 484 603 et
506 561 546 603 ex
563 542 737 639 praecepto
754 538 841 622 regis
855 538 1042 621 hospitibus
1062 538 1214 623 aliisque,

197 649 335 712 quorum
358 649 396 691 ea
419 627 650 710 tempestate
641 648 677 689 1n
703 629 819 690 senatu
846 630 922 690 auct
924 626 988 689 orit
990 648 1025 690 as
1053 626 1213 709 pollebat,

196 736 315 800 magna
338 737 472 779 munera
494 715 625 797 misere,
653 717 747 778 tanta
770 714 971 778 conmutatio
995 713 1144 798 incessit,
1171 719 1213 779 ut

197 826 236 868 ex
259 806 410 867 maxum'a
431 802 554 867 invidia
575 803 610 866 in
633 802 774 886 gratiam
798 805 831 865 et
853 800 999 866 favorem
1022 801 1212 867 nobilitatis

160 890 357 976 alugurtha
379 891 512 956 veniret
554 911 692 973 quorum
714 911 790 973 pars
823 911 879 972 spe
914 890 971 953 alii
993 890 1138 973 praemio
1162 891 1213 955 in-

196 980 285 1044 ducti
258 980 464 1065 tsingulos
498 1001 537 1042 ex
570 982 663 1042 senat
664 1001 686 1041 u
649 977 893 1042 tambiundo
929 979 1135 1062 nitebantur,
1166 1000 1212 1044 ne

160 1068 327 1153 agrarius
356 1068 390 1131 in
413 1089 486 1132 eum
514 1066 743 1216 consuleretur.
789 1065 892 1150 igitur
920 1065 977 1129 ubi
999 1066 1102 1149 legati
1126 1069 1178 1130 sat
1180 1067 1212 1131 is

197 1156 371 1238 confidunt,
394 1156 445 1219 die
470 1155 590 1219 constit
591 1156 805 1218 utosenatus
827 1153 975 1255 utrisque
998 1154 1102 1218 datur.
1136 1158 1211 1219 tum

196 1241 415 1307 Adherbalem
437 1243 499 1307 hoc
522 1243 618 1306 modo
641 1243 788 1305 locutum
808 1242 1004 1324 accepimus:

139 1335 187 1397 14
263 1330 336 1394 ‘Pat
322 1335 389 1394 tres
422 1330 611 1414 conscripti,
644 1329 784 1412 Micipsa
815 1333 910 1413 pater
943 1351 1032 1394 meus
1066 1330 1212 1394 moriens

197 1419 278 1483 mihi
299 1419 474 1502 praecepit,
496 1419 547 1482 uti
569 1439 662 1504 regni
653 1416 931 1482 'anNumidiaet
889 1421 1003 1482 arrtum
1021 1417 1116 1482 modo
1135 1440 1213 1502 pro·

196 1507 397 1572 curationem
420 1507 652 1572 existumarem
675 1527 790 1587 meam,
814 1506 988 1570 ceterum
978 1528 1030 1570 rus
1047 1505 1117 1570 et
1107 1528 1211 1590 rmpe-

196 1596 281 1659 rium
309 1596 377 1660 eius
405 1617 503 1678 penes
531 1617 589 1660 vos
618 1616 702 1678 esse,
730 1556 827 1657 siniul
851 1594 991 1659 eniterer
1014 1592 1102 1658 domi
1124 1593 1211 1657 mili·

196 1684 324 1766 tiaeque
349 1704 447 1765 quam
469 1704 620 1747 maxumo
644 1682 718 1746 usui
741 1703 812 1745 esse
830 1683 951 1766 populo
967 1681 1125 1764 Romano,
1148 1703 1211 1746 vos

196 1770 277 1834 mihi
301 1774 528 1854 cognatorum,
560 1792 618 1834 vos
648 1769 803 1833 adfinium
830 1770 903 1835 loco
928 1771 1090 1837 ducerem:
1119 1769 1147 1834 si
1171 1791 1211 1834 ea

195 1857 394 1940 fecissem,
385 1880 420 1921 m
442 1821 554 1921 vostia
577 1857 721 1921 amicitia
744 1859 865 1922 exercit
866 1881 922 1923 um
949 1858 1081 1924 divitas
1106 1857 1212 1922 muni-

160 1949 307 2010 2menta
329 1945 423 2046 regni
445 1967 496 2008 me
519 1946 613 2010 habit
599 1949 717 2009 turum.
756 1967 837 2028 quae
862 1968 935 2010 cum
958 1949 1132 2029 praecepta
1154 1968 1211 2030 pa-

196 2034 298 2098 rentis
326 2034 390 2097 mei
413 2034 586 2119 agitarem,
614 2033 789 2119 Iugurtha,
822 2034 920 2099 homo
950 2035 1096 2100 omnium
1125 2055 1210 2117 quos

197 2127 285 2187 terra
321 2122 462 2187 sustinet
499 2123 796 2207 sceleratissumus,
840 2127 1027 2207 contempto
1069 2121 1210 2204 imperio

196 2215 307 2276 vostro
322 2210 514 2275 Masinissae
534 2234 585 2275 me
599 2214 753 2294 nepotem
777 2214 810 2273 et
824 2210 890 2273 iam
905 2212 945 2274 ab
961 2211 1062 2294 stirpe
1083 2209 1209 2274 socium

196 2302 294 2381 atque
318 2299 458 2362 amicum
480 2300 593 2382 populi
607 2298 747 2363 Romani
766 2319 867 2382 regno
881 2298 1086 2381 fortunisque
1107 2297 1209 2362 omni·

195 2387 257 2450 bus
277 2385 411 2468 expulit.

160 2491 177 2538 3
263 2473 371 2556 Atque
395 2493 466 2558 ego,
488 2477 598 2556 patres
622 2473 809 2557 conscripti,
833 2475 988 2558 quoniam
1007 2497 1045 2540 eo
1064 2473 1209 2540 miseria-

107 2628 109 2633 ,
196 2583 269 2625 rum
292 2565 447 2625 venturus
471 2582 573 2644 eram,
600 2562 718 2626 vellem
740 2562 852 2645 potius
882 2564 923 2628 ob
947 2585 1020 2627 mea
1043 2584 1141 2646 quam
1165 2563 1208 2627 ob

197 2650 357 2714 maiorum
380 2671 527 2714 meorum
541 2650 692 2714 benificia
705 2672 801 2733 posse
816 2672 868 2715 me
892 2674 912 2715 a
930 2651 1024 2715 vobis
1049 2650 1208 2715 auxilium

196 2742 320 2821 petere,
352 2760 390 2802 ac
422 2761 570 2803 maxume
603 2739 713 2803 deberi
746 2739 827 2802 mihi
858 2739 1010 2803 benificia
1038 2760 1058 2802 a
1085 2739 1208 2822 populo

197 2824 355 2910 Romano,
378 2827 495 2909 quibus
518 2850 585 2894 non
608 2848 746 2913 egerem,
765 2826 942 2890 secundum
965 2849 1012 2910 ea,
1036 2826 1065 2890 si
1088 2826 1208 2890 deside-

159 2929 177 2977 4
197 2915 297 2977 randa
320 2918 426 2997 erant,
453 2915 503 2979 uti
525 2917 643 2979 debitis
672 2919 789 2979 uterer.
835 2915 891 2979 sed
915 2915 1070 2997 quoniam
1092 2936 1208 2998 parum

196 3005 270 3065 tuta
296 3023 355 3085 per
382 3023 416 3065 se
444 3002 517 3084 ipsa
542 3004 690 3085 probitas
714 3007 778 3086 est,
805 3024 910 3085 neque
938 3004 1020 3067 mihi
1046 3003 1083 3065 in
1109 3023 1231 3082 manu·

196 3088 273 3171 fuit,
305 3088 466 3173 Iugurtha
494 3090 597 3172 qualis
629 3090 728 3173 foret,
761 3089 801 3154 ad
828 3112 886 3155 vos
920 3090 1065 3175 confugi,
1097 3093 1209 3173 patres

197 3178 382 3261 conscripti,
406 3178 533 3261 quibus,
556 3179 641 3260 quod
665 3179 747 3243 mihi
771 3178 1001 3242 miserrumum
1025 3180 1085 3261 est,
1109 3198 1210 3262 cogor

159 3265 286 3349 oprius
314 3266 405 3330 oneri
432 3287 530 3349 quam
557 3267 631 3330 usui
658 3289 737 3332 esse.
784 3267 884 3331 ceteri
912 3287 1005 3350 reges
1035 3270 1093 3331 aut
1120 3266 1207 3329 bello

196 3354 275 3418 victi
303 3354 338 3418 in
361 3354 540 3418 amicitiam
569 3377 588 3418 a
615 3355 708 3419 vobis
737 3355 861 3437 recepti
891 3359 968 3419 sunt
997 3359 1054 3419 aut
1082 3354 1117 3418 in
1140 3353 1209 3417 suis

196 3441 302 3506 dubiis
322 3443 418 3506 rebus
438 3443 629 3507 societatem
650 3447 795 3506 vostram
819 3443 1060 3524 adpetiverunt:
1083 3441 1212 3506 familia

195 3533 308 3593 nostra
332 3552 405 3594 cum
428 3530 549 3614 populo
569 3530 716 3596 Romano
735 3531 822 3596 bello
842 3529 1109 3616 Carthaginiensi
1132 3530 1210 3594 omi-
