2542 4192
311 253 456 308 BELLUM
474 253 732 310 IUGURTHINUM
749 273 772 310 c.
792 263 869 311 4-7.
1044 257 1088 321 45

75 399 180 485 igitur
208 397 352 463 amicitia
374 398 567 463 Masinissae
594 400 681 465 bona
708 405 805 484 atque
832 400 970 465 honesta
991 401 1121 466 nobist

75 488 265 572 permansit.
312 487 368 550 sed
394 487 511 569 imperi
537 487 687 571 vitaeque
717 489 786 552 eius
809 488 884 552 finis
906 488 992 552 idem
1015 488 1087 552 fuit.

143 574 229 638 Dein
250 573 389 656 Micipsa
416 574 504 638 filius
528 595 665 660 regnum
689 576 777 640 solus
801 576 944 659 optinuit
967 575 1121 642 Masta-6

70 662 192 727 'nabale
216 665 250 725 et
273 659 415 725 Gulussa
438 660 595 726 fratribus
618 664 732 727 morbo
752 664 943 747 absumptis.
975 664 1004 727 is
1022 665 1120 730 Ad?

74 750 243 814 herbalem
262 753 296 813 et
309 748 532 832 Hiempsalem
555 772 595 814 ex
613 771 683 815 sese
701 750 814 836 genuit
828 750 1086 836 Iugurthamque

74 838 180 903 filium
212 835 447 901 Mastanabalis
484 837 609 921 fratris,
647 860 742 921 quem
775 837 964 923 Masinissa,
1001 839 1086 922 quod

76 929 169 990 ortus
188 948 228 989 ex
246 925 426 990 concubina
444 929 523 1009 erat,
545 926 710 1008 privatum
728 926 951 1011 dereliquerat,
974 928 1086 991 eodem

75 1014 168 1079 cultu
192 1034 255 1096 quo
278 1012 400 1077 liberos
423 1034 500 1078 suos
523 1013 611 1077 domi
632 1012 757 1078 habuit.

144 1101 207 1177 Qui
230 1100 287 1165 ubi
309 1100 452 1183 primum
474 1101 628 1183 adolevit,
655 1102 781 1184 pollens
804 1101 942 1186 viribus,
970 1101 1115 1168 decorati

74 1189 167 1272 facie,
187 1189 243 1252 sed
261 1188 365 1252 multo
385 1209 533 1252 maxume
547 1188 678 1274 ingenio
697 1189 831 1273 validus,
853 1211 920 1253 non
943 1211 977 1254 se
995 1189 1086 1254 luxui

75 1298 180 1359 neque
194 1275 332 1354 inertiae
347 1277 621 1359 conrumpendam
636 1277 732 1360 dedit,
747 1277 812 1361 sed,
827 1277 878 1341 uti
891 1298 962 1342 mos
977 1277 1085 1362 gentis

75 1364 164 1428 illius
184 1368 244 1448 est,
267 1363 412 1446 equitare
430 1363 580 1449 iaculari3
602 1386 699 1429 eursu
719 1386 793 1429 eum
812 1365 1001 1448 aequalibus
1020 1387 1086 1430 cer-

77 1456 147 1515 tare
171 1455 217 1536 et,
249 1473 322 1516 cum
346 1450 451 1515 omnis
479 1451 585 1535 gloria
612 1452 764 1535 anteiret,
797 1452 947 1517 omnibus
975 1457 1086 1517 tamen

76 1560 171 1604 carus
190 1561 273 1623 esse3
292 1537 413 1603 adhoc
430 1539 584 1621 pleraque
602 1543 751 1622 tempora
768 1538 804 1602 in
816 1539 961 1604 venando
981 1560 1085 1624 agere,

75 1628 203 1692 leonem
226 1631 323 1710 atque
347 1625 536 1690 alias-feras
558 1627 682 1709 primus
706 1631 763 1690 aut
784 1627 819 1690 in
836 1626 951 1709 primis
974 1627 1084 1691 ferire:

75 1715 263 1799 plurumum
281 1713 387 1778 facere
402 1718 435 1777 et
449 1714 629 1778 minumum
643 1714 712 1797 ipse
727 1715 766 1778 de
785 1736 819 1779 se
833 1714 932 1797 loqui.
965 1715 1083 1798 quibus
1101 1732 1119 1780 a

76 1803 174 1867 rebus
193 1801 332 1886 Micipsa
354 1801 487 1865 tametsi
510 1802 604 1866 initio
623 1803 728 1867 laetus
747 1802 862 1886 fuerat,
885 1803 1084 1868 existumans

76 1891 232 1954 virtutem
264 1889 442 1975 Iugurthae
476 1911 576 1975 regno
610 1912 668 1954 suo
700 1890 824 1975 gloriae
851 1890 935 1974 fore,
966 1894 1085 1975 tamen,

76 1981 252 2061 postquam
282 1977 447 2041 hominem
480 1977 719 2042 adulescentem
751 1981 864 2042 exacta
891 2000 950 2041 sua
977 1981 1084 2041 aetate
1175 2008 1189 2031 s

77 2069 111 2128 et
137 2067 246 2149 parvis
273 2064 386 2129 liberis
413 2065 519 2149 magis
548 2065 715 2150 magisque
744 2086 885 2129 erescere
912 2065 1085 2148 intellegit,

75 2154 284 2218 vehementer
311 2175 349 2217 eo
371 2153 506 2236 negotio
534 2156 701 2236 permotus
734 2152 838 2216 multa
870 2173 944 2216 cum
975 2152 1084 2215 animo

77 2263 136 2306 suo
159 2241 320 2306 volvebat.
366 2241 511 2304 terrebat
538 2261 612 2303 eum
640 2242 758 2303 natura
780 2239 968 2303 mortalium
991 2238 1119 2304 avidae

76 2329 193 2414 imperi
221 2332 255 2392 et
281 2349 435 2413 praeceps
468 2328 508 2392 ad
540 2328 730 2411 explendam
761 2326 861 2391 animi
893 2327 1084 2411 cupidinem,

76 2421 246 2500 praeterea
260 2416 488 2501 opportunitas
507 2437 583 2480 suae
601 2415 842 2498 liberorumque
857 2415 983 2498 aetatis,
1003 2437 1085 2498 quae

76 2505 177 2570 etiam
204 2505 374 2568 mediocris
404 2504 491 2568 viros
522 2525 578 2586 spe
607 2503 745 2587 praedae
773 2507 976 2568 transvorsos
1006 2503 1084 2587 agit,

76 2592 204 2656 adhoc
227 2592 335 2657 studia
356 2590 572 2655 Numidarum
594 2591 630 2655 in
651 2591 844 2675 Iugurtham
867 2611 1014 2672 accensa,
1046 2612 1085 2653 ex

79 2680 208 2762 quibus,
231 2679 260 2744 si
283 2679 384 2742 talem
397 2678 504 2743 virum
527 2679 609 2743 dolis
628 2678 854 2759 interfecisset,
875 2699 916 2741 ne
940 2698 1004 2759 qua
1018 2677 1085 2740 sed-

77 2766 137 2831 itio
165 2771 222 2832 aut
248 2767 371 2830 bellum
394 2767 547 2850 oriretur,
574 2767 688 2830 anxius
720 2768 799 2829 erat.
839 2763 891 2827 his
915 2764 1113 2830 difficulta-”l

78 2854 169 2919 tibus
197 2854 435 2919 circumventus
467 2854 525 2917 ubi
551 2854 640 2917 videt
667 2873 771 2935 neque
803 2873 861 2934 per
887 2851 954 2916 vim
980 2872 1084 2934 neque

79 2941 205 3007 insidiis
229 2942 370 3025 obprimi
392 2963 488 3026 posse
510 2941 675 3005 hominem
703 2945 771 3004 tam
795 2943 963 3023 acceptum
984 2962 1085 3023 popu·

79 3029 211 3114 laribus,
225 3030 311 3113 quod
325 3033 395 3094 erat
408 3028 568 3114 Iugurtha
582 3051 679 3092 manu
692 3032 864 3112 promptus
883 3031 916 3092 et
930 3028 1084 3110 adpetens

78 3118 203 3201 gloriae
226 3117 389 3201 militaris,
412 3116 529 3180 statuit
552 3138 627 3180 eum
645 3116 808 3181 obiectare
826 3116 979 3199 periculis
999 3118 1032 3178 et
1047 3136 1084 3179 eo

79 3205 176 3269 modo
199 3204 365 3269 fortunam
387 3206 557 3287 temptare.

145 3291 252 3377 Igitur
274 3293 360 3357 bello
383 3290 585 3356 Numantino
608 3291 747 3374 Micipsa
774 3313 847 3356 eum
873 3289 994 3374 populo
1022 3289 1119 3353 Ito-2

80 3400 175 3444 mano
195 3380 341 3463 equitum
360 3383 457 3462 atque
475 3379 621 3462 pedItum
636 3379 756 3443 auxilia
774 3378 928 3460 mitteret,
952 3398 1085 3460 sperans

79 3467 130 3531 vel
159 3468 351 3532 ostentando
383 3468 539 3531 virtutem
568 3468 619 3532 vel
645 3466 791 3530 hostium
824 3465 959 3529 saevitia
991 3463 1085 3529 facile

76 3575 153 3619 eum
172 3576 372 3641 occasurum,
390 3553 547 3639 praefecit
560 3553 721 3638 Numidis,
745 3575 825 3636 quos
844 3552 879 3617 in
892 3552 1086 3638 Hispaniam
