2542 4192
230 333 271 398 86
445 370 447 374 .
555 327 584 383 C.
604 325 777 381 sannusrl
796 324 910 381 calspl

195 475 350 542 ancillo
374 476 546 539 cunctante
569 471 730 538 Numidae
755 471 818 535 sibi
841 470 1021 535 consulant.
1065 470 1118 534 his
1144 475 1240 555 atque

230 563 352 628 talibus
389 561 462 626 aliis
499 562 540 625 ad
570 560 766 625 deditionem
801 559 888 643 regis
926 558 1070 622 animum
1102 558 1240 644 inpellit.

195 668 211 716 3
231 652 408 715 mittuntur
431 650 472 713 ad
494 650 724 734 imperatorem
746 647 862 732 legati,
886 646 941 728 qui
965 645 1161 731 Iugurtham
1184 648 1240 713 inr-

229 743 344 822 perata
370 737 534 802 facturum
560 738 705 802 dicerent
736 758 773 802 ao
801 735 870 799 sine
896 734 966 799 ulla
991 734 1142 818 pactione
1170 758 1240 801 sese

196 842 432 912 4regnumque
465 847 559 890 suum
590 825 626 889 in
656 824 744 889 illius
776 823 873 887 fidem
905 822 1041 887 tradere.
1086 821 1239 890 Metellus

230 936 366 999 propere
395 918 528 979 cunctos
557 912 712 977 senatorii
739 911 861 976 ordinis
889 932 928 974 ex
949 910 1094 975 hibernis
1119 912 1239 978 accersi

230 1004 335 1081 iubet;
365 1024 477 1067 eorum
500 1005 534 1066 et
558 1001 708 1084 aliorum,
732 1021 813 1083 quos
836 999 969 1063 idoneos
988 999 1140 1083 ducebat,
1168 1022 1240 1065 con-

196 1092 341 1155 ssilium
368 1090 476 1154 habet.
521 1090 570 1153 ita
596 1110 685 1153 more
714 1088 874 1152 maiorum
901 1109 940 1150 ex
967 1087 1084 1151 consili
1110 1089 1239 1152 decreto

230 1202 288 1263 per
311 1179 438 1264 legatos
461 1177 639 1262 Iugurthae
662 1177 802 1259 imperat
826 1174 954 1260 argenti
975 1175 1082 1258 pondo
1101 1177 1240 1240 ducenta

231 1267 330 1350 milia,
349 1266 538 1349 elephantos
553 1265 668 1347 omnis,
687 1285 844 1346 equorum
863 1268 896 1327 et
914 1283 1079 1327 armorum
1097 1263 1240 1348 aliquan·

196 1358 310 1419 otum.
361 1375 443 1437 quae
474 1356 650 1437 postquam
682 1352 750 1416 sine
783 1373 876 1416 mora
905 1349 994 1415 facta
1026 1355 1116 1436 sunt,
1148 1352 1239 1417 iubet

196 1441 336 1507 romnis
363 1440 517 1526 perfugas
545 1442 672 1506 vinctos
701 1439 824 1504 adduci.
869 1461 982 1503 eorum
1009 1459 1128 1524 magna
1155 1461 1240 1523 pars,

230 1531 280 1595 uti
304 1531 429 1594 iussum
452 1535 536 1613 erat,
559 1528 703 1611 adducti,
725 1527 834 1612 pauci,
858 1527 1095 1611 cumprimum
1118 1527 1240 1593 deditic-

231 1619 352 1702 coepit,
381 1618 421 1681 ad
444 1639 554 1702 regem
576 1616 743 1681 Bocchum
764 1616 800 1679 in
822 1614 1059 1680 Mauretaniam
1083 1616 1239 1680 abierant.

195 1707 333 1790 sigitur
355 1704 526 1790 Iugurtha,
548 1705 605 1769 ubi
629 1704 727 1767 armis
751 1703 893 1786 virisque
918 1708 951 1768 et
968 1704 1104 1786 pecunia
1124 1704 1239 1788 spolia-

231 1798 284 1858 tus
308 1796 367 1876 est,
390 1815 463 1858 cum
485 1793 556 1876 ipse
579 1793 619 1855 ad
641 1792 865 1875 imperandum
883 1791 1042 1856 Tisidium
1059 1796 1238 1875 vocaretur,

230 1901 343 1945 rursus
366 1880 475 1962 eoepit
497 1880 626 1944 flectere
650 1880 794 1943 animum
818 1902 912 1944 suum
939 1883 973 1944 et
996 1902 1035 1944 ex
1057 1880 1146 1944 mala
1169 1902 1238 1946 con

196 1969 368 2035 sscientia
390 1968 489 2053 digna
512 1969 635 2032 timere.
672 1968 808 2051 denique
832 1968 946 2032 multis
969 1968 1081 2032 diebus
1103 1990 1164 2052 per
1187 1969 1239 2032 du-

230 2057 425 2122 bitationem
449 2056 664 2140 consumptis,
692 2078 765 2120 oum
793 2056 889 2121 modo
918 2056 1024 2120 taedio
1052 2078 1161 2120 rerum
1189 2057 1240 2120 ad·

230 2166 399 2211 vorsarum
418 2145 528 2210 omnia
540 2144 627 2209 bello
641 2145 771 2228 potiora
785 2144 925 2227 duceret,
947 2143 1111 2208 interdum
1130 2166 1238 2210 secum

230 2235 300 2319 ipse
332 2237 512 2318 reputaret,
545 2254 643 2316 quam
675 2232 783 2317 gravis
817 2254 910 2297 casus
942 2233 977 2296 in
1003 2232 1173 2296 servitium
1202 2255 1238 2297 ex

230 2342 331 2407 regno
354 2321 453 2404 foret,
485 2320 598 2385 multis
627 2321 818 2405 magnisque
844 2320 1014 2404 praesidiis
1041 2321 1238 2404 nequiquam

181 2423 211 2471 ro
230 2408 366 2492 perditis
390 2409 428 2472 de
451 2408 581 2493 integro
604 2408 727 2472 bellum
746 2408 858 2491 ¹sumit.
904 2413 937 2472 et
960 2408 1083 2472 Romae
1107 2413 1237 2474 senatus

231 2496 269 2560 de
291 2495 468 2579 provinciis
492 2496 659 2560 consultus
676 2495 865 2560 Numidiam
887 2495 1020 2560 Metello
1044 2496 1238 2561 decreverat.

178 2582 220 2651 63
297 2583 360 2648 Per
378 2583 464 2648 idem
483 2589 612 2668 tempus
630 2582 746 2648 Uticae
765 2583 850 2649 forte
865 2583 899 2649 O.
914 2583 1018 2648 Mario
1036 2606 1094 2669 per
1112 2585 1238 2650 hostias

230 2672 280 2739 dis
311 2673 509 2757 supplicanti
541 2692 660 2756 magna
688 2676 785 2756 atque
817 2672 980 2736 mirabilia
1007 2673 1158 2757 portendi
1185 2674 1240 2738 ha·

146 2835 156 2853 Ι
230 2782 349 2845 ruspex
372 2760 511 2825 dixerat:
538 2759 673 2845 proinde
702 2781 782 2842 qnae
811 2761 918 2825 animo
947 2760 1107 2846 agitabat,
1135 2761 1238 2827 fretus

231 2849 280 2913 dis
313 2853 439 2933 ageret,
471 2848 637 2914 fortunam
671 2869 768 2930 quam
795 2849 993 2932 saepissume
1026 2848 1239 2933 experiretur:

196 2940 348 3000 acuncta
375 2958 529 3019 prospere
557 2940 719 3000 eventura.
765 2939 800 3000 at
826 2936 920 3001 illum
949 2937 1016 3001 iarn
1044 2941 1139 3001 antea
1167 2960 1240 3003 con·

232 3022 358 3087 sulatus
381 3023 497 3107 ingens
516 3024 631 3107 cupido
651 3024 849 3109 exagitabat,
872 3025 912 3088 ad
932 3046 1027 3107 quem
1046 3025 1239 3108 capiundum

230 3122 360 3194 praeter
382 3115 581 3175 vetustatem
603 3111 745 3176 familiae
768 3111 834 3176 alia
852 3113 961 3176 omnia
984 3114 1109 3178 abunde
1133 3119 1239 3178 erant:

230 3198 392 3262 industria
418 3199 582 3283 probitas,
615 3199 751 3264 militiae
782 3221 901 3285 magna
930 3201 1079 3283 scientia,
1111 3201 1239 3266 animus

231 3286 310 3351 belli
342 3287 458 3372 ingens
498 3287 585 3352 domi
619 3288 778 3373 modicus,
809 3288 963 3353 lubidinis
991 3294 1025 3354 et
1051 3288 1239 3354 divitiarum

232 3375 344 3458 victor,
368 3379 497 3440 tantum
519 3377 615 3441 modo
639 3376 762 3461 gloriae
786 3375 906 3441 avidus.

195 3477 211 3526 3
303 3461 366 3528 Sed
394 3465 422 3528 is
454 3468 551 3528 natus
577 3464 613 3528 et
641 3486 769 3529 omnem
797 3464 972 3548 pueritiam
999 3463 1117 3548 Arpini
1144 3465 1239 3548 altus,

231 3551 288 3615 ubi
310 3551 452 3635 primum
475 3556 564 3616 aetas
588 3552 724 3617 militiae
748 3553 876 3636 patiens
899 3552 976 3635 fuit,
1001 3553 1172 3637 stipendiis
1195 3553 1239 3619 fa

232 3638 365 3722 ciundis,
387 3661 454 3703 non
473 3638 597 3704 Graeca
619 3639 769 3705 facundia
790 3662 894 3724 neque
916 3641 1050 3705 urbanis
1069 3641 1238 3706 munditiis
