2542 4192
203 270 246 335 80
529 269 556 323 o.
577 267 750 324 sarrusrr
769 267 886 323 oarsrr

167 415 297 501 aginta
319 412 491 478 interfecti.
538 417 572 478 at
590 413 739 495 Romani,
763 434 958 496 quamquam
980 412 1095 478 itinere
1115 417 1216 498 atque

204 523 300 586 opere
320 505 502 566 castrorum
520 505 554 566 et
572 501 695 585 proelio
714 501 793 565 fessi
811 501 953 583 laetique
972 505 1074 583 erant,
1094 505 1216 586 tamen,

204 590 290 673 quod
313 588 464 653 Metellus
488 590 627 673 amplius
652 589 803 673 opinione
831 588 1032 670 morabatur,
1059 589 1216 654 instructi

167 677 384 759 sintentique
408 677 538 741 obviam
560 677 754 761 procedunt3
779 698 856 741 nam
879 677 971 740 dolus
995 675 1216 742 Numidarum

169 765 286 830 anihil
318 765 463 850 languidi
494 787 598 847 neque
630 764 758 830 remissi
789 764 985 848 patiebatur.
1037 786 1074 829 ac
1106 764 1215 849 primo

205 853 342 918 obscura
368 856 476 937 nocte,
503 856 678 936 postquam
700 852 787 916 haud
808 851 923 935 procul
945 852 1031 916 inter
1053 873 1087 916 se
1112 858 1216 936 erant,

205 940 345 1024 strepitu
373 941 462 1005 velut
493 940 604 1005 hostes
638 940 823 1023 adventare,
856 939 951 1003 alteri
979 940 1063 1023 apud
1091 939 1215 1006 alteros

204 1029 410 1094 formidinem
437 1027 534 1092 simul
562 1031 595 1092 et
622 1027 802 1091 tumultum
829 1026 950 1111 facere,
977 1030 1011 1092 et
1038 1049 1140 1110 paene
1168 1029 1217 1092 in·

204 1117 342 1200 prudent
328 1117 376 1180 tia
403 1116 580 1180 admissum
606 1114 731 1178 facinus
759 1115 957 1198 miserabile,
984 1115 1086 1178 nit
1048 1136 1070 1178 u
1072 1115 1215 1199 ritrnque

168 1219 186 1267 8
205 1204 375 1289 praemissi
393 1203 518 1286 equites
537 1224 606 1266 rem
625 1202 889 1286 exploravissent.
925 1202 989 1287 igit
989 1225 1028 1266 ur
1046 1218 1106 1285 pro
1123 1207 1216 1267 metu

205 1315 260 1378 rep
263 1295 336 1356 ente
364 1291 518 1376 gaudium
546 1295 638 1355 exort
640 1312 708 1355 um:
736 1290 822 1354 milit
808 1295 857 1354 tes
886 1290 969 1355 alius
1002 1290 1102 1354 alium
1132 1290 1216 1356 laeti

205 1379 384 1464 appellant,
415 1382 489 1444 acta
454 1379 717 1443 ttedooenat
682 1382 780 1461 atque
808 1378 957 1461 audiunt,
989 1399 1048 1442 sua
1076 1377 1215 1462 quisque

204 1468 304 1532 fortia
326 1466 414 1532 facta
437 1467 477 1530 ad
500 1467 626 1531 caelum
647 1464 720 1529 fert
767 1466 884 1566 quippe
907 1487 959 1529 res
982 1465 1141 1530 humanae
1165 1467 1217 1530 ita

206 1578 275 1621 sese
297 1554 433 1620 habent·
405 1558 432 1619 t.
456 1555 490 1619 in
513 1554 651 1619 victoria
673 1554 755 1618 vel
747 1554 873 1638 ignavis
897 1553 1031 1637 gloriari
1050 1552 1137 1636 lieet,
1161 1555 1217 1618 ad·

205 1666 318 1709 vorsae
341 1665 392 1707 res
416 1643 515 1706 etiam
537 1643 641 1706 bonos
665 1642 854 1706 detrectant.

152 1727 196 1792 54
271 1730 424 1794 Metellus
451 1730 486 1793 in
511 1730 614 1793 isdem
639 1733 708 1793 cast
694 1729 754 1793 tris
776 1734 855 1812 quat
841 1729 948 1793 triduo
972 1732 1078 1793 morat
1079 1749 1117 1793 us
1142 1751 1216 1794 sau·

206 1820 273 1884 cios
293 1839 366 1882 cum
385 1839 462 1881 cura
480 1817 593 1900 reficit,
612 1816 692 1880 meri
694 1821 745 1881 tos
764 1816 798 1880 in
817 1817 949 1900 proeliis
969 1837 1057 1880 more
1075 1816 1215 1882 militiae

206 1907 315 1989 donat,
332 1905 503 1969 univorsos
521 1904 557 1968 in
575 1907 651 1969 cont
652 1903 724 1968 ione
742 1905 854 1968 laudat
872 1909 969 1987 atque
988 1903 1059 1988 agit
1079 1909 1154 1989 grat
1156 1905 1215 1989 ias,

133 2053 136 2059 .
203 1994 317 2058 hortat
303 1997 370 2077 tur,
398 1993 438 2057 ad
462 1995 582 2076 cetera,
610 2013 691 2074 quae
713 1992 799 2056 levia
822 1997 911 2076 sunt,
934 2013 1045 2075 parem
1069 1991 1216 2057 animum

206 2085 334 2167 gerant:
356 2103 416 2164 pro
439 2080 578 2144 victoria
602 2080 714 2144 satis
705 2101 771 2143 ram
793 2084 920 2164 pugnat
920 2101 985 2162 um,
1007 2079 1149 2161 reliquos
1168 2080 1215 2145 la·

170 2171 302 2235 abores
328 2190 388 2253 pro
415 2168 536 2252 praeda
559 2168 637 2233 fore
682 2167 823 2231 tamen
814 2168 946 2231 interim
969 2166 1156 2252 transfugas
1181 2173 1215 2232 et

207 2258 287 2322 alios
311 2261 525 2356 opportunos,
543 2255 660 2341 Iugurt
646 2255 704 2319 tha
726 2254 782 2318 ubi
804 2256 952 2339 gentium
976 2257 1033 2319 aut
1051 2255 1128 2337 quid
1147 2256 1215 2341 agi·

207 2349 306 2427 taret,
334 2365 406 2407 cunr
433 2343 586 2427 paucisne
614 2348 700 2407 esset
729 2365 771 2406 an
798 2343 919 2408 exercit
920 2365 974 2406 um
999 2341 1148 2422 haberet,
1176 2347 1215 2407 ut

171 2445 187 2491 3
207 2452 278 2495 sese
300 2431 407 2494 rictus
431 2435 567 2515 gereret,
590 2431 793 2514 exploratum
816 2430 915 2495 misit.
962 2434 996 2495 at
1015 2430 1070 2494 ille
1089 2451 1159 2494 sese
1180 2431 1215 2495 in

206 2519 278 2583 loca
301 2518 444 2582 saltuosa
468 2521 502 2582 et
523 2522 641 2582 natura
664 2518 789 2582 munita
807 2522 974 2603 receperat
991 2517 1101 2602 ibique
1121 2540 1215 2604 coge-

206 2608 265 2672 bat
283 2606 460 2670 exercitum
478 2628 612 2670 numero
630 2605 801 2670 hominum
819 2606 1019 2689 ampliorem,
1042 2606 1098 2669 sed
1118 2605 1215 2670 hebe-

207 2699 274 2760 tem
301 2695 544 2778 infirmumque,
574 2694 644 2779 agri
672 2714 709 2759 ac
733 2693 860 2777 pecoris
884 2695 989 2779 magis
1013 2714 1111 2776 quam
1134 2693 1214 2757 belli

171 2794 189 2842 4
207 2784 374 2848 cultorem.
418 2783 451 2846 id
470 2804 508 2846 ea
527 2783 633 2868 gratia
652 2780 827 2864 eveniebat,
851 2782 938 2864 quod
956 2781 1213 2865 praeterregios

207 2872 332 2955 equites
355 2893 450 2936 nemo
475 2870 620 2935 omnium
643 2869 785 2934 Numida
812 2890 851 2932 ex
873 2868 953 2953 fuga
975 2888 1085 2953 regem
1108 2870 1213 2951 sequi-

207 2962 269 3022 tur.
307 2980 371 3042 quo
394 2958 548 3040 cuiusque
572 2958 698 3022 animus
715 2957 789 3039 fert,
813 2977 850 3020 eo
870 2956 1039 3020 discedunt
1025 2960 1160 3039 tneque
1180 2957 1213 3020 id

207 3046 310 3130 flagit
301 3069 369 3109 rum
392 3045 528 3110 militiae
552 3046 640 3110 ducit
626 3050 692 3110 tzur
715 3045 763 3109 ita
786 3065 820 3108 se
844 3065 950 3108 mores
971 3042 1102 3107 habent

171 3145 188 3194 o
273 3133 340 3218 lgit
340 3155 379 3197 ur
401 3132 567 3216 Metellus,
598 3134 655 3198 ubi
687 3133 775 3198 videt
806 3131 894 3232 regis
922 3130 1022 3195 etiam
1049 3135 1120 3194 tum
1147 3130 1214 3194 ani-

208 3245 297 3286 mum
311 3220 452 3285 ferocem
467 3243 546 3304 esse,
564 3221 687 3285 bellum
705 3219 863 3303 renovari,
882 3219 1018 3320 quod
986 3218 1050 3282 msi
1068 3240 1108 3282 ex
1123 3218 1213 3281 illius

207 3309 350 3373 lubidine
378 3309 448 3393 geri
474 3331 541 3373 non
562 3312 687 3408 posset,
714 3307 914 3390 praeterea
905 3307 1026 3371 inicum
1050 3309 1215 3370 certamen

208 3397 271 3461 sibi
291 3419 363 3462 cum
380 3396 541 3479 hostibuS,
560 3396 684 3460 minore
699 3395 752 3459 det
738 3395 893 3459 trimento
912 3394 1031 3459 illos
1001 3393 1096 3477 rmci,
1115 3415 1214 3478 quam

208 3506 283 3548 suos
310 3484 450 3566 vincere,
479 3483 596 3547 statuit
621 3504 687 3547 non
708 3482 840 3566 proeliis
867 3503 971 3564 neque
998 3481 1033 3545 in
1060 3481 1128 3546 acie
1157 3481 1215 3546 sed

173 3587 189 3636 6
209 3571 272 3636 alio
294 3593 382 3636 more
400 3571 523 3635 bellum
541 3569 729 3657 gerundum.
766 3570 876 3652 itaque
894 3569 930 3632 in
946 3568 1020 3635 loca
1038 3567 1214 3635 Numidiae
