2542 4192
237 246 282 311 30
570 244 599 301 Ο.
620 243 792 300 SALLUSTI
810 243 927 299 oursel

238 413 335 475 quem
348 412 400 454 res
415 394 508 453 tanta
522 393 556 453 et
574 393 643 453 tam
663 393 757 454 atrox
774 411 841 453 non
858 388 1028 472 permovit,
1047 410 1122 452 eum
1140 390 1251 454 oratio

187 494 217 542 11
237 479 397 543 accendet.
415 500 482 542 non
494 478 543 541 ita
557 481 615 558 est,
628 499 732 560 neque
743 477 893 559 cuiquam
906 476 1096 541 mortalium
1110 477 1250 542 iniuriae

239 588 315 630 suae
329 587 448 650 parvae
462 565 625 629 videntur:
644 565 740 628 multi
759 586 813 628 eas
832 565 963 649 gravius
978 585 1081 646 aequo
1095 564 1249 630 habuere.

187 671 218 719 12
238 655 295 718 sed
323 654 387 717 alia
410 653 483 717 aliis
506 653 639 717 lieentia
661 656 726 736 est,
752 656 863 736 patres
886 651 1071 735 conscripti.
1118 652 1174 735 qui
1197 653 1251 717 de-

238 742 330 806 missi
353 742 388 805 in
411 742 548 805 obscuro
571 741 674 804 vitam
696 739 831 822 habent,
857 739 885 803 si
908 738 986 822 quid
1008 739 1175 804 iracundia
1197 741 1250 805 de-

237 829 369 912 liquere,
388 829 483 912 pauci
505 828 626 912 sciunt,
648 827 736 891 fama
754 832 852 911 atque
869 826 1003 891 fortuna
1021 849 1134 892 eorum
1150 841 1250 911 pares

238 921 328 981 sunt:
356 917 412 1001 qui
435 937 553 1001 magno
577 915 713 998 imperio
735 915 876 999 praediti
897 915 931 977 in
955 915 1081 979 excelso
1105 918 1249 980 aetatem

186 1021 218 1068 13
239 1009 355 1090 agunt,
386 1025 498 1069 eorum
529 1003 618 1068 facta
645 1003 754 1068 cuncti
781 1001 935 1067 mortales
962 1024 1089 1067 novere.
1134 1003 1183 1066 ita
1213 1004 1250 1068 in

238 1114 389 1157 maxuma
414 1091 547 1157 fortuna
574 1091 719 1155 minuma
745 1090 877 1155 licentia
900 1094 964 1174 est3
990 1112 1094 1174 neque
1118 1091 1249 1156 studere

187 1196 219 1242 14
237 1202 341 1264 neque
356 1180 471 1263 odisse,
490 1180 546 1242 sed
564 1179 706 1242 minume
725 1178 822 1243 irasci
841 1178 945 1262 decet3
965 1200 1046 1261 quae
1065 1179 1151 1262 apud
1165 1179 1249 1244 alios

237 1268 404 1332 iracundia
426 1266 553 1351 dieitur,
577 1289 615 1330 ea
637 1266 673 1330 in
693 1265 830 1350 imperio
852 1266 1004 1350 superbia
1022 1269 1120 1350 atque
1139 1268 1249 1332 crude-

187 1370 218 1419 15
236 1355 314 1419 litas
347 1354 536 1438 appellatur.
582 1355 730 1437 equidem
761 1375 823 1439 ego
856 1354 903 1418 sic
929 1354 1104 1437 existumo,
1135 1358 1248 1439 patres

238 1442 426 1526 conscripti,
461 1443 567 1506 omnis
599 1443 761 1506 cruciatus
793 1442 935 1506 minores
969 1463 1067 1526 quam
1102 1440 1248 1507 facinora

237 1531 370 1596 illorum
397 1552 475 1595 esse.
522 1530 578 1594 sed
599 1530 746 1614 plerique
769 1529 925 1594 mortales
947 1534 1114 1613 postrema
1137 1530 1248 1594 memi-

236 1641 313 1684 nere
337 1623 370 1683 et
392 1619 428 1683 in
448 1618 636 1683 hominibus
663 1618 761 1701 inpiis
786 1617 917 1682 sceleris
945 1639 1056 1682 corum
1084 1617 1181 1682 obliti
1208 1618 1247 1682 de

236 1729 342 1791 poena
364 1705 542 1788 dissenmt,
566 1705 594 1768 si
618 1727 656 1768 ea
677 1705 774 1787 paulo
799 1705 927 1769 saevior
948 1705 1021 1769 fuit.

188 1811 218 1858 lo
303 1792 343 1857 D.
368 1791 529 1875 Silanum,
552 1792 658 1856 virum
681 1792 801 1856 fortem
824 1797 923 1876 atque
946 1797 1127 1876 strenuum,
1155 1797 1246 1859 certo

238 1881 305 1945 scio
333 1901 415 1963 quae
438 1879 569 1963 dixerit,
599 1880 707 1944 studio
732 1880 782 1944 rei
800 1881 948 1964 publicae
962 1881 1109 1964 dixisse,
1140 1902 1248 1965 neque

237 1970 331 2033 illum
357 1968 393 2032 in
419 1972 513 2032 tanta
540 1990 575 2032 re
602 1969 744 2052 gratiam
776 1973 833 2033 aut
864 1969 1052 2033 inimicitias
1085 1990 1248 2054 exercere,

186 2074 218 2122 ιτ
237 2079 293 2123 eos
325 2079 431 2122 mores
464 2078 599 2141 eamque
632 2056 826 2121 modestiam
852 2057 914 2120 riri
942 2056 1089 2142 cognovi.
1133 2078 1248 2121 verum

238 2145 400 2211 sententia
427 2145 495 2209 eius
523 2144 604 2209 mihi
631 2167 697 2209 non
724 2144 862 2209 crudelis
887 2141 979 2229 (quid
1002 2145 1089 2209 enim
1110 2144 1145 2208 in
1168 2145 1247 2210 talis

236 2235 384 2298 homines
408 2233 536 2297 crudele
558 2232 630 2295 fieri
651 2230 798 2318 potest‘l)
822 2233 878 2296 sed
901 2233 1006 2296 aliena
1024 2255 1044 2296 a
1061 2253 1096 2296 re
1114 2232 1248 2316 publica

186 2339 218 2386 18
236 2325 351 2384 nostra
377 2320 514 2384 videtur.
558 2342 635 2383 nam
661 2320 808 2402 profecto
837 2324 894 2384 aut
916 2324 1023 2385 metus
1046 2324 1104 2384 aut
1125 2319 1248 2385 iniuria

237 2413 271 2471 te
290 2407 429 2492 subegit,
453 2406 571 2490 Silana,
594 2408 760 2472 consulem
778 2407 984 2492 designatum
1002 2429 1104 2494 genus
1121 2429 1246 2492 poenae

186 2513 217 2559 19
236 2516 355 2560 novom
378 2495 556 2558 decernere.
601 2495 640 2558 de
664 2495 781 2559 timore
800 2517 1095 2579 supervacuaneum
1113 2499 1166 2560 est
1183 2496 1246 2560 dis·

237 2605 356 2666 serere,
380 2605 452 2647 cum
475 2582 668 2666 praesertim
692 2582 861 2668 diligentia
884 2582 1066 2648 clarissumi
1089 2583 1151 2647 viri
1172 2605 1247 2649 con-

184 2689 217 2736 20
237 2671 317 2736 sulis
340 2675 434 2736 tanta
456 2670 618 2755 praesidia
641 2671 707 2734 sint
729 2671 764 2735 in
787 2671 895 2735 armis.
928 2672 966 2735 de
984 2692 1088 2754 poena
1109 2692 1245 2753 possum

237 2761 386 2844 equidem
409 2761 522 2844 dicere,
544 2759 579 2822 id
602 2760 687 2842 quod
701 2781 752 2823 res
775 2759 884 2841 habet,
906 2759 942 2823 in
961 2759 1051 2823 luctu
1070 2762 1168 2840 atque
1187 2759 1246 2822 mi·

237 2849 330 2912 seriis
358 2852 499 2913 mortem
528 2868 755 2911 aerumnarum
782 2847 940 2931 requiem,
971 2869 1038 2912 non
1064 2846 1246 2912 cruciatum

237 2957 321 3019 esse,
352 2957 424 2999 eam
457 2938 574 2999 cuneta
600 2934 789 2999 mortalium
816 2934 903 2998 mala
934 2934 1125 3018 dissolvere3
1157 2934 1246 2998 ultra

184 3040 216 3087 21
235 3044 339 3105 neque
363 3044 458 3087 curae
480 3043 585 3105 neque
607 3022 725 3108 gaudio
748 3023 856 3087 locum
879 3044 958 3087 esse.
1004 3023 1069 3105 sed,
1090 3044 1149 3105 per
1167 3021 1245 3086 deos

236 3110 429 3193 inmortalis,
454 3131 551 3192 quam
575 3111 617 3174 ob
640 3132 710 3174 rem
732 3110 767 3174 in
786 3110 981 3174 sententiam
998 3131 1064 3174 non
1082 3108 1245 3191 addidisti,

184 3215 217 3262 22
236 3198 287 3263 uti
305 3198 394 3282 prius
413 3198 602 3263 verberibus
622 3198 729 3262 ineos
749 3197 1084 3262 animadvorteretur?
1107 3219 1150 3261 an
1168 3195 1246 3280 quia

234 3287 288 3350 lex
319 3286 436 3351 Porcia
465 3286 578 3350 vetat?
615 3289 650 3350 at
682 3285 764 3349 aliae
791 3286 880 3370 leges
911 3285 989 3350 item
1022 3284 1245 3350 condemnatis

237 3374 360 3439 civibus
378 3397 445 3438 non
463 3375 606 3437 animam
624 3373 714 3457 eripi,
733 3375 789 3437 sed
808 3373 940 3440 exilium
958 3372 1105 3456 permitti
1122 3371 1245 3436 iubent.

183 3478 216 3526 23
236 3483 278 3526 an
296 3462 373 3544 quia
391 3463 522 3546 gravius
537 3465 587 3526 est
600 3461 764 3525 verberari
779 3483 877 3545 quam
889 3460 1020 3526 necari?
1044 3460 1121 3545 quid
1135 3463 1246 3524 autem

234 3549 386 3613 acerbum
413 3554 471 3613 aut
496 3550 594 3614 nimis
623 3570 720 3635 grave
749 3554 800 3613 est
827 3549 863 3614 in
888 3549 1036 3613 homines
1059 3547 1146 3612 tanti
1167 3547 1246 3613 faoi·
