2542 4192
102 409 181 464 XXII
277 409 325 462 DE
345 407 373 464 Ο.
394 407 587 463 SALLUSTIO
606 406 731 462 CRISPO
750 406 980 462 TESTIMONIA.

104 559 238 635 ..quod
262 558 383 635 quidam
404 577 464 616 non
488 557 569 635 fugit
591 557 741 616 hominem
771 576 900 633 nequam
924 557 1115 633 Sallustium,

104 647 154 724 qui
179 648 223 705 ait
249 645 330 720 [aaa
354 649 382 712 1,
405 643 459 719 2].·
489 640 553 704 ‘sed
580 649 684 704 nostra
712 646 808 704 omnis
836 645 882 705 vis
905 645 937 702 in
961 646 1060 704 animo
1084 650 1116 704 et

103 753 226 810 corpore
255 735 314 793 sita
338 736 396 810 est3
424 733 517 792 animi
540 734 679 810 irnperio,
709 733 840 808 eorporis
869 733 992 794 servitio
1015 733 1114 810 magis
1168 748 1171 755 ’

102 815 237 881 utimur.'
282 825 371 899 recta,
395 821 421 880 si
443 821 487 880 ita
509 821 646 898 vixisset,
669 824 705 880 ut
728 823 848 879 locutus
872 824 925 880 est.

169 946 356 1024 Symmach.
381 963 421 1018 ep.
453 945 542 1004 Vua
565 941 641 1016 (66),
664 947 705 1003 2:

103 1031 293 1108 [Sallustius]
315 1033 443 1109 scriptor
461 1033 532 1092 stilo
554 1035 675 1091 tantum
696 1031 879 1108 probandus
902 1051 972 1089 nam
995 1052 1113 1090 morum

105 1122 168 1180 eius
192 1122 301 1180 damna
323 1140 383 1179 non
406 1121 522 1197 sinunt,
550 1123 586 1179 ut
613 1119 650 1178 ab
678 1108 732 1178 illo
761 1120 900 1196 agundae
923 1120 1006 1180 vitae
1028 1124 1112 1196 peta·

81 1213 156 1275 ,tur
178 1211 350 1269 auctoritas

170 1331 300 1392 Macrob.
324 1333 387 1391 III
412 1333 455 1398 13,
479 1335 516 1390 9:

106 1421 321 1479 ..Sallustius
348 1420 543 1498 gravissimus
571 1419 685 1478 alienae
714 1418 852 1477 luxuriae
882 1419 1059 1496 obiurgator
1083 1421 1113 1476 et

105 1527 215 1567 censor.
294 1531 296 1535 ·
719 1521 720 1524 ’

171 1630 356 1706 Ascua-stira
380 1633 415 1692 de
437 1634 488 1691 civ.
512 1633 558 1690 dei
586 1631 655 1690 VII
674 1631 744 1704 312.
768 1632 831 1690 278
853 1631 972 1692 Doara.-
1085 1602 1087 1606 y

132 1721 204 1781 ,νὴ
226 1721 440 1780 disertissimus
465 1718 628 1778 Sallustius
649 1765 655 1777 .
675 1763 709 1777 ..
958 1729 960 1733 ’

106 1977 111 1989 .
132 1976 138 1989 .
159 1840 339 2006 Saillulstiiis1‚9
341 1845 530 1988 'uitilitataa
553 1929 690 1989 veritatis
713 1929 873 1988 historicus
893 1973 900 1988 .
919 1973 950 1988 ..

170 2054 258 2112 Isia.
282 2055 352 2126 oriy.
378 2052 471 2110 XIII
485 2054 536 2118 21,
559 2054 613 2111 10:

106 2141 269 2202 Sallustius
292 2144 394 2199 autem
417 2142 523 2199 auctor
545 2138 730 2199 certissimus
750 2185 756 2198 .
777 2185 810 2200 ..

171 2267 276 2325 Mart.
301 2264 385 2323 XIV
405 2267 478 2323 191:

194 2355 251 2412 Hic
276 2353 340 2428 erit,
364 2356 400 2411 ut
422 2353 580 2427 perhibent
604 2345 760 2412 doctorum
784 2352 874 2411 eorda
896 2354 1040 2431 virorum,

264 2441 383 2504 Primus
405 2441 540 2500 Romana
563 2440 686 2517 Crispus
710 2442 741 2499 in
764 2440 900 2500 historia.
