2542 4192
302 301 450 357 BELLUM
470 301 732 358 IUGURTHINUM
750 319 774 357 c.
794 309 906 360 68—72.
1067 303 1108 368 91
1160 327 1163 332 ·

104 467 252 512 seorsum
275 447 316 511 ab
339 465 415 530 rege
439 446 616 512 exercitum
638 447 771 511 ductare
794 451 828 512 et
847 447 952 513 omnis
971 469 1022 512 res
1041 469 1111 524 exe-

102 535 159 618 qui
188 534 306 599 solitus
329 536 414 616 erat,
442 555 524 616 quae
547 533 726 619 Iugurthae
748 534 835 600 fesso
857 539 914 600 aut
933 535 1110 600 maioribus

103 622 263 688 adstricto
287 626 532 706 superaverant3
554 644 594 686 ex
617 643 680 704 quo
703 622 753 686 illi
776 623 882 708 gloria
905 645 1046 707 opesque
1064 623 1111 687 in-

101 714 226 775 ventae.
271 709 374 795 igitur
395 709 566 794 utriusque
590 709 725 774 consilio
753 711 822 776 dies
845 711 972 776 insidiis
997 710 1146 775 statui-3

102 803 170 881 tur;
197 801 318 880 cetera,
344 797 395 861 uti
417 819 470 861 res
491 802 655 882 posceret,
682 820 722 862 ex
744 802 890 883 tempore
913 799 1021 882 parari
1043 799 1111 883 pla·

101 887 179 951 cuit.
224 885 392 950 Nabdalsa
419 885 459 949 ad
487 886 663 950 exercitum
690 886 870 970 profectus,
903 908 998 969 quem
1025 888 1146 952 interr

100 974 239 1039 hiberna
261 972 483 1038 Romanorum
510 973 618 1038 iussus
645 973 802 1058 habebat,
828 996 869 1038 ne
897 995 974 1060 ager
996 975 1110 1039 inultis

103 1062 255 1126 hostibus
282 1065 475 1126 vastaretur.
519 1062 548 1126 is
575 1065 750 1147 postquam
780 1062 1003 1147 magnitudine
1035 1062 1146 1128 faci-o

101 1150 193 1214 noris
220 1149 389 1233 perculsus
417 1149 457 1213 ad
484 1153 613 1233 tempus
640 1172 707 1215 non
733 1150 822 1214 venit
850 1154 1019 1233 metusque
1042 1172 1112 1215 rem

102 1237 306 1322 inpediebat,
328 1237 506 1321 Bomilcar,
529 1238 626 1302 simul
651 1237 939 1322 cupidus·incepta
960 1238 1111 1322 patrandi

102 1330 137 1390 et
166 1325 283 1390 timore
307 1326 375 1390 soci
399 1326 527 1409 anxius,
554 1348 594 1390 ne
619 1326 740 1390 omisso
764 1330 873 1390 vetere
897 1326 1033 1391 consilio
1055 1347 1112 1391 no-

103 1415 182 1477 vom·
212 1418 394 1498 quaereret,
426 1414 554 1477 litteras
583 1414 623 1477 ad
650 1436 724 1478 eum
750 1436 808 1497 per
834 1414 983 1479 homines
1006 1414 1137 1479 fidelis·

104 1501 222 1584 mittit,
247 1502 281 1566 in
305 1501 376 1584 quis
400 1501 575 1565 mollitiam
598 1501 843 1584 socordiamque
866 1502 928 1566 viri
951 1523 1112 1586 accusare,

103 1589 220 1654 testari
243 1589 329 1673 deos,
350 1611 409 1673 per
432 1611 513 1672 quos
536 1589 719 1671 iuravisset,
742 1610 883 1674 monere,
903 1611 945 1653 ne
966 1590 1113 1673 praemia

104 1676 230 1742 Metelli
252 1677 287 1741 in
309 1681 436 1761 pestem
459 1674 677 1742 converteret:
700 1676 879 1762 Iugurthae
903 1677 1038 1742 exitium
1060 1677 1113 1741 ad·

105 1786 185 1849 esse,
204 1768 348 1829 ceterum
363 1787 462 1829 suane
482 1787 523 1829 an
537 1764 663 1831 Metelli
681 1765 803 1830 virtute
816 1765 948 1850 periret,
966 1765 999 1829 id
1016 1766 1112 1830 modo

105 1853 238 1939 agitari:
270 1853 404 1936 proinde
431 1857 599 1936 reputaret
627 1874 700 1917 cum
728 1853 836 1919 animo
865 1875 937 1938 sno,
967 1853 1113 1938 praemia

104 1963 146 2005 an
174 1941 353 2005 cruciatum
381 1940 502 2005 mallet.
548 1942 604 2005 sed
634 1963 708 2005 cum
735 1963 791 2006 eae
820 1942 950 2007 litterae
976 1942 1163 2024 adlatae,‘ll

104 2028 189 2094 forte
213 2027 381 2093 Nabdalsa
403 2030 544 2093 exercito
569 2051 702 2111 corpore
729 2029 835 2093 fessus
858 2030 894 2092 in
915 2030 1001 2093 lecto
1026 2028 1113 2113 quie·

96 2117 225 2199 scebat,
249 2116 305 2181 ubi
329 2117 469 2202 cognitis
488 2117 682 2181 Bomilcaris
700 2117 808 2181 verbis
826 2116 932 2199 primo
952 2137 1038 2200 cura,
1061 2117 1147 2180 der

104 2205 192 2286 inde,
219 2204 269 2267 uti
296 2225 430 2289 aegrum
453 2204 597 2268 animum
620 2204 717 2287 solet,
745 2225 877 2268 somnus
901 2204 995 2287 cepit.
1041 2206 1148 2267 erata

104 2292 135 2356 ei
153 2291 296 2356 Numida
315 2292 446 2375 quidam
463 2292 671 2378 negotiorum
690 2295 828 2375 curator,
846 2291 929 2356 fidus
949 2294 1113 2374 acceptus·

106 2401 168 2463 que
192 2384 225 2444 et
248 2381 393 2444 omnium
418 2380 628 2444 consiliorum
649 2380 714 2444 nisi
736 2379 917 2444 novissumi
939 2379 1113 2464 particeps.

106 2468 162 2552 qui
184 2472 360 2551 postquam
383 2468 508 2532 adlatas
531 2468 659 2532 litteras
684 2467 807 2532 audivit
830 2472 864 2532 et
886 2489 925 2532 ex
944 2472 1113 2533 consuetu·
1131 2483 1146 2531 4

106 2556 179 2620 dine
203 2560 293 2620 ratus
318 2577 416 2639 opera
439 2560 496 2620 aut
518 2556 649 2641 ingenio
673 2577 731 2621 suo
756 2577 837 2640 opus
860 2577 931 2620 esse
953 2557 989 2620 in
1009 2557 1114 2620 taber·

105 2644 257 2708 naculum
275 2643 413 2726 introiit,
431 2644 611 2708 dormiente
630 2643 688 2708 illo
708 2643 882 2727 epistulam
901 2665 997 2727 super
1016 2646 1114 2727 caput

106 2732 141 2795 in
158 2731 290 2814 pulvino
310 2736 432 2795 temere
450 2732 593 2815 positam
612 2732 713 2795 sumit
731 2752 769 2794 ac
782 2731 932 2815 perlegit,
954 2730 1028 2794 dein
1043 2753 1114 2814 pro-

105 2841 182 2902 pere
201 2819 341 2904 cognitis
356 2818 483 2883 insidiis
498 2820 538 2884 ad
552 2839 661 2904 regem
680 2818 797 2902 pergit.
829 2817 998 2882 Nabdalsa
1015 2819 1113 2902 paulo
1133 2833 1149 2882 5

106 2910 182 2990 post
205 2912 411 2990 experrectus
434 2907 490 2971 ubi
508 2928 612 2990 neque
631 2907 804 2991 epistulam
827 2905 971 2991 repperit
994 2909 1028 2970 et
1046 2929 1115 2971 rem

106 3016 244 3078 omnem,
262 2996 313 3059 uti
332 2999 406 3059 acta
424 2999 503 3078 erat,
523 2997 574 3074 [ex
592 2994 751 3080 perfugis]
768 2995 930 3079 cognovit,
949 2994 1054 3078 primo
1068 2995 1115 3058 in·

106 3082 210 3147 dicem
224 3083 373 3166 persequi
389 3088 533 3165 conatus,
547 3087 723 3166 postquam
736 3082 769 3145 id
783 3081 987 3166 frustrafuit,
1001 3082 1115 3167 Iugur·

105 3170 198 3234 tham
212 3171 362 3254 placandi
376 3171 484 3256 gratia
499 3170 638 3254 adcedit3
652 3171 740 3254 dicit,
754 3191 836 3253 quae
850 3171 919 3254 ipse
933 3170 1115 3253 paravisset

106 3257 225 3341 facere,
252 3259 388 3344 perfidia
412 3258 539 3323 clientis
563 3259 614 3322 sui
635 3262 826 3343 praeventa3
852 3258 1035 3322 lacrumans
1060 3257 1114 3320 ob-

107 3350 250 3411 testatur
272 3368 330 3431 per
349 3347 528 3411 amicitiam
550 3368 672 3430 perque
692 3366 750 3411 sua
768 3348 866 3409 antea
878 3344 1017 3408 fideliter
1032 3347 1114 3428 acta,

105 3455 146 3498 ne
170 3456 267 3518 super
290 3435 352 3500 tali
375 3435 494 3500 scelere
518 3438 706 3519 suspectum
729 3453 799 3497 sese
822 3431 966 3496 haberet.
1012 3432 1052 3496 ad
1075 3431 1167 3496 eali

106 3543 176 3605 rex,
209 3523 305 3588 aliter
337 3526 434 3606 atque
467 3523 576 3587 animo
605 3523 753 3606 gerebat,
785 3519 909 3602 placide
938 3520 1113 3604 respondit.

105 3608 289 3679 Bomilcare
309 3610 446 3695 aliisque
469 3609 590 3694 multis,
614 3631 695 3694 quos
720 3607 825 3673 socios
849 3607 1039 3673 insidiarum
1063 3629 1114 3672 co·
