2542 4192
210 275 273 338 102
540 272 568 326 0.
589 270 762 326 SALLUSTI
780 269 898 324 CRISPI
957 270 960 274 ⁴

158 433 191 484 14
208 418 298 503 piam
321 420 355 482 et
376 417 523 481 laborem
545 416 695 481 tolerare.
730 414 783 479 his
807 434 868 498 ego
890 413 1074 498 praeceptis
1097 413 1217 479 milites

209 506 380 590 hortabor,
405 526 509 588 neque
536 503 612 569 illos
641 507 710 568 arte
734 503 853 587 oolam,
884 524 935 567 me
959 502 1143 586 opulenter,
1168 524 1218 567 ne

157 609 190 660 35
211 615 272 678 que
295 593 435 680 gloriam
458 614 573 676 meam,
595 592 742 657 laborem
763 591 897 656 illorum
919 590 1046 655 faciam.
1088 590 1219 655 hoct
1170 594 1219 656 est

209 681 303 765 utile,
339 680 402 747 hoc
434 680 568 745 civile
559 680 742 764 imperium.
785 700 926 763 namque
958 699 1032 743 curn
1064 682 1137 743 tute
1163 700 1220 762 per

209 769 384 834 mollitiem
406 790 494 854 agas,
517 769 696 834 exercitum
718 767 878 853 supplicio
898 788 1022 853 cogere,
1044 766 1078 830 id
1096 769 1150 831 est
1168 766 1221 832 do

156 874 191 924 36
210 858 344 942 minum,
360 879 428 922 non
444 857 677 941 imperatorem
695 877 775 921 esse
806 855 887 920 haec
906 859 1037 938 atquet
1023 853 1105 919 talia
1122 855 1220 920 maio-
1262 918 1265 926 ,

209 967 261 1010 111
288 950 363 1011 1011
364 945 393 1009 ri
349 945 571 1011 tfaciundo
601 965 699 1028 seque
726 965 860 1027 remque
886 943 1052 1027 publicam
1079 943 1220 1008 celebra·

157 1050 293 1100 111111.
337 1033 410 1119 quis
441 1033 598 1099 nobilitas
630 1032 769 1117 freta,
760 1054 833 1116 rpsa
864 1031 1048 1096 dissimilis
1064 1031 1220 1115 moribus,

209 1144 269 1187 nos
293 1122 426 1187 illorum
449 1122 593 1186 aemulos
612 1120 792 1186 contemnit
815 1123 849 1185 et
872 1119 977 1184 omnis
995 1119 1137 1184 honores
1154 1141 1221 1184 non

157 1225 191 1274 38
210 1231 250 1274 11
271 1211 389 1276 merito
413 1210 470 1274 sed
493 1209 586 1293 quasi
608 1208 736 1274 debitos
759 1229 779 1272 a
802 1207 896 1273 vobis
914 1207 1042 1292 repetit.
1075 1211 1221 1272 ceterum

209 1298 357 1363 homines
381 1297 616 1381 superbissumi
638 1297 752 1381 procul
775 1301 892 1361 errant.
938 1295 1078 1360 maiores
1107 1317 1221 1360 eorum

210 1386 319 1450 omnia
347 1407 429 1469 quae
460 1385 582 1451 licebat
608 1385 675 1450 illis
698 1385 870 1468 reliquere,
900 1384 1030 1448 divitias
1058 1383 1219 1470 imagines

209 1474 401 1539 memoriam
433 1474 484 1538 sui
514 1475 729 1558 praeclaram3
759 1473 917 1537 virtutem
952 1494 1018 1536 non
1050 1472 1220 1557 reliquere,

209 1584 313 1715 neque
335 1567 502 1647 poterant:
530 1584 569 1626 ea
591 1563 661 1627 sola
682 1583 787 1645 neque
815 1562 911 1625 datur
934 1561 1018 1625 dono
1040 1581 1148 1643 neque
1171 1582 1221 1625 ae-

157 1667 191 1716 39
211 1651 340 1734 cipitur.
292 1651 542 1716 ursordidum
564 1672 616 1715 me
640 1653 673 1714 et
695 1649 828 1715 incultis
851 1649 997 1713 moribus
1017 1647 1119 1732 aiunt,
1143 1648 1221 1733 quia

209 1761 325 1822 parum
344 1738 424 1804 scite
443 1738 628 1803 convivium
647 1760 766 1803 exorno
783 1758 888 1821 neque
902 1735 1096 1802 histrionem
1114 1737 1220 1801 ullum

208 1847 313 1909 neque
335 1826 438 1909 pluris
461 1826 548 1908 preti
571 1848 683 1891 cocum
707 1847 805 1910 quam
827 1825 960 1890 vilicum
981 1825 1096 1889 habeo.
1136 1846 1219 1909 quac

160 1929 191 1978 40
211 1914 292 1977 mihi
314 1913 406 1978 lubet
434 1913 595 1999 confiteri,
619 1914 772 1990 Quirites.
816 1936 892 1978 nam
920 1935 960 1978 11
980 1915 1117 1997 parente
1146 1935 1219 1978 meo

212 2007 245 2066 et
268 2023 308 2066 ex
330 2001 402 2066 aliis
427 2002 549 2067 sanctis
571 2002 650 2067 viris
677 2003 725 2067 ita
752 2002 875 2086 accepi,
902 2000 1079 2065 munditias
1107 2001 1221 2067 mulie·

210 2090 311 2175 ribus,
328 2090 473 2156 laborem
487 2091 566 2156 viris
581 2091 760 2173 convenire,
779 2090 993 2173 omnibusque
1011 2088 1106 2154 bonis
1127 2110 1220 2173 opor·

210 2183 278 2244 tere
305 2178 379 2263 plus
407 2179 530 2265 gloriae
563 2201 660 2264 quam
687 2178 874 2244 divitiarum
901 2199 985 2262 esse3
1017 2199 1121 2262 arma,
1153 2199 1221 2242 non

157 2283 190 2331 41
211 2267 446 2351 supellectilem
465 2267 572 2333 decori
591 2289 670 2333 esse.
703 2267 782 2351 quin
799 2288 887 2353 ergo,
906 2266 992 2350 quod
1009 2265 1108 2349 iuvat,
1133 2267 1220 2349 quod

210 2377 321 2420 carum
349 2359 546 2439 aestumant,
573 2355 607 2420 id
635 2377 762 2439 semper
787 2355 924 2438 faciant,
952 2358 1062 2419 ament
1088 2357 1221 2438 potent3

209 2443 267 2506 ubi
290 2442 542 2506 adulescentiam
564 2442 720 2527 habuere,
747 2443 795 2508 ibi
818 2445 1018 2509 senectutem
1041 2445 1156 2527 agant,
1184 2442 1221 2506 in

210 2529 375 2613 conviviis,
398 2530 499 2595 dediti
521 2531 628 2595 ventri
651 2536 684 2596 et
707 2531 925 2615 turpissumae
947 2530 1035 2615 parti
1056 2530 1219 2614 corporis:

210 2619 361 2684 sudorem
383 2618 549 2703 pulverem
573 2623 606 2683 et
629 2619 694 2683 alia
715 2620 796 2684 talia
816 2619 1002 2702 relinquant
1019 2618 1125 2701 nobis,
1150 2618 1221 2702 qui-

156 2723 191 2771 41
209 2708 271 2772 bus
293 2707 352 2771 illa
379 2707 482 2792 epulis
509 2708 700 2772 iucundiora
723 2712 807 2773 sunt.
851 2730 964 2772 verum
993 2728 1060 2771 non
1085 2706 1135 2770 111
1158 2711 1221 2771 est.

208 2818 286 2861 nam
307 2796 364 2861 ubi
387 2818 421 2860 se
444 2796 579 2882 flagitiis
603 2797 833 2862 dedecoravere
852 2795 1045 2879 turpissumi
1067 2794 1140 2877 viri,
1162 2795 1222 2859 bo

156 2899 190 2948 43
208 2907 326 2950 norum
340 2885 492 2985 praemia
514 2890 663 2969 ereptum
686 2889 771 2950 eunt
811 2885 860 2949 ita
881 2883 1104 2948 iniustissume
1128 2882 1221 2947 luxu-

209 2972 258 3035 ria
281 2972 346 3036 et
336 2972 481 3056 1gnavia,
503 2994 673 3073 pessumae
696 2978 797 3056 11111,
820 2972 900 3055 illis,
924 2971 979 3055 qui
1003 2970 1130 3036 coluere
1154 2992 1220 3054 eas,

208 3059 291 3124 nihil
315 3059 472 3144 officiunt,
495 3060 543 3125 rei
564 3061 745 3146 publicae
735 3060 886 3126 1111101111
909 3059 993 3126 cladi
1016 3061 1101 3123 sunt.

156 3164 205 3214 44
275 3146 370 3212 Nunc
394 3148 548 3248 quoniam
565 3149 641 3232 illis,
665 3153 766 3234 quant
767 3172 823 3213 um
841 3148 906 3212 mei
924 3168 1040 3230 mores,
1062 3168 1129 3211 non
1147 3145 1221 3211 illo

210 3258 283 3301 rum
304 3236 407 3322 flagit
399 3258 431 3300 ra
453 3237 640 3338 poscebant,
663 3237 825 3322 respondi,
847 3258 950 3320 pauca
973 3236 1011 3299 de
1034 3233 1221 3318 republica

156 3341 190 3390 45
209 3326 332 3426 loquar.
376 3325 519 3409 primurn
542 3326 687 3391 omnium
710 3327 748 3390 de
771 3325 928 3390 Numidia
954 3324 1077 3388 bonum
1099 3322 1221 3387 habete

209 3415 367 3497 animum,
391 3413 544 3490 Quirites.
589 3436 665 3478 nam
689 3436 771 3498 quae
800 3413 925 3477 adhoc
952 3416 1092 3511 tempus
1104 3408 1220 3511 Iugur·

209 3502 301 3566 tham
325 3507 362 3567 tu
363 3505 433 3566 taat
457 3508 547 3587 sunt,
576 3503 684 3568 omnia
706 3501 907 3585 removistis,
936 3499 1140 3564 avaritiam
1131 3520 1222 3582 mpe

209 3589 378 3656 ritiamt
343 3595 442 3674 atque
466 3592 667 3678 superbiam,
699 3591 812 3656 deinde
841 3589 963 3654 exercit
964 3610 1002 3653 us
1030 3587 1078 3652 ibi
1100 3590 1152 3651 est
1174 3587 1222 3652 lo-
