2542 4192
200 279 222 340 4
529 275 558 328 C.
578 273 750 329 SALLUSTI
769 272 885 328 CRISPI

164 439 180 486 s
264 419 330 484 Res
349 420 422 502 ipsa
439 416 566 482 hortari
584 417 721 502 videtur,
741 418 895 501 quoniam
914 417 952 482 de
971 418 1116 483 moribus
1137 420 1213 484 civi·

200 509 278 573 tatis
306 512 435 590 tempus
465 507 645 589 admonuit,
673 528 772 589 supra
799 510 945 588 repetere
969 528 1006 570 ao
1029 510 1141 591 paucis
1165 509 1212 572 11-

200 596 319 661 stituta
351 596 512 659 maiorum
544 595 632 659 domi
664 594 879 678 militiaeque,
917 616 980 678 quo
1014 596 1109 660 modo
1142 618 1212 659 rem

199 684 364 768 publicam
385 683 561 748 habuerint
585 686 804 766 quantamque
823 683 1024 768 reliquerint,
1046 689 1084 748 ut
1102 685 1212 767 paula-

201 773 262 836 tim
284 773 447 836 inmutata
470 793 509 835 ex
531 771 761 853 pulcherruma
784 774 882 853 atque
907 775 1041 854 optuma
1058 794 1212 855 pessuma

0 896 1 900 =
51 847 165 980 W
201 883 238 925 ac
261 860 531 945 flagitiosissuma
553 858 642 922 facta
665 858 721 940 sit,
745 858 912 923 disserere.

162 949 183 1013 6
267 948 392 1013 Urbem
413 948 561 1030 Romam,
585 946 682 1010 sicuti
702 967 762 1030 ego
782 946 900 1030 accepi,
924 947 1094 1012 condidere
1114 947 1212 1032 dtque

200 1037 343 1101 habuere
362 1036 456 1100 initio
476 1035 618 1118 Troiani,
638 1033 693 1118 qui
711 1033 822 1098 Aenea
840 1035 920 1099 duce
933 1035 1065 1119 profugi
1082 1036 1212 1100 sedibus

201 1125 335 1189 incertis
354 1124 567 1209 vagabantur,
586 1144 723 1207 cumque
742 1122 788 1186 eis
807 1122 1014 1208 Aborigines,
1036 1144 1138 1207 genus
1157 1124 1214 1188 ho·

202 1215 328 1277 minum
352 1216 492 1296 agreste,
515 1211 584 1275 sine
603 1211 732 1296 legibus
756 1210 825 1274 sine
843 1211 989 1294 imperio,
1008 1211 1147 1275 liberum
1166 1216 1213 1275 at-

168 1320 183 1368 2
203 1325 264 1385 que
288 1302 440 1364 solutum.
485 1299 521 1363 hi
543 1301 719 1383 postquam
741 1299 776 1362 in
796 1321 861 1362 una
879 1299 1007 1363 moenia
1026 1321 1213 1382 convenere,

203 1389 324 1471 dispari
339 1410 464 1474 genere,
484 1386 636 1451 dissimili
650 1387 771 1472 lingua,
790 1386 847 1451 alii
866 1386 930 1451 alio
950 1409 1040 1452 more
1058 1387 1213 1470 viventes

202 1476 390 1542 incredibile
418 1479 600 1539 memoratu
630 1479 681 1562 est
705 1497 802 1558 quam
825 1475 921 1540 facile
945 1476 1138 1540 coaluerint:
1166 1476 1214 1539 ita

202 1565 294 1630 brevi
318 1564 493 1628 multitudo
517 1564 663 1647 dispersa
686 1568 784 1648 atque
805 1585 888 1650 vaga
907 1565 1079 1629 concordia
1098 1564 1213 1628 civitas

168 1655 290 1720 efacta
313 1657 391 1717 erat.
438 1652 493 1716 sed
513 1655 689 1734 postquam
708 1673 759 1715 res
778 1673 900 1736 eorum,
923 1652 1047 1715 civibus
1068 1652 1214 1716 moribus

204 1743 291 1826 agris
315 1744 420 1823 aucta,
443 1739 524 1802 satis
547 1761 703 1822 prospera
726 1739 870 1821 satisque
888 1739 1016 1821 pollens
1034 1738 1215 1823 ridebatur,

205 1829 302 1893 sicuti
329 1828 482 1911 pleraque
510 1826 698 1891 mortalium
725 1825 900 1909 habentur,
927 1826 1048 1890 invidia
1076 1849 1114 1890 ex
1138 1850 1216 1910 opu-

169 1917 306 1981 slentia
330 1914 402 1980 orta
425 1919 484 1978 est.
529 1915 633 2000 igitur
655 1935 748 1999 reges
771 1914 947 1997 populique
966 1915 1109 1978 finitumi
1127 1916 1215 1980 bello

204 2007 379 2088 temptare,
410 2003 506 2086 pauci
539 2025 578 2067 ex
605 2002 717 2067 amicis
745 2002 866 2066 auxilio
895 2024 979 2086 esse,
1010 2025 1087 2066 nam
1115 2003 1216 2067 ceteri

170 2111 185 2158 o
205 2097 295 2157 metu
322 2092 463 2176 perculsi
491 2113 510 2155 a
536 2090 690 2174 periculis
714 2091 859 2154 aberant.
905 2094 940 2154 at
963 2090 1104 2155 Romani
1127 2091 1216 2155 domi

204 2181 405 2266 militiaeque
434 2180 554 2244 intenti
577 2178 732 2243 festinare
755 2201 883 2263 parare,
912 2178 994 2242 alius
1019 2179 1119 2242 alium
1142 2179 1216 2242 hor·

204 2271 277 2354 tari,
295 2269 447 2333 hostibus
467 2268 597 2332 obviam
615 2269 672 2352 ire,
692 2269 880 2332 libertatem
898 2267 1040 2350 patriam
1057 2267 1217 2350 parentis·

205 2380 267 2440 que
291 2356 390 2420 armis
413 2359 532 2438 tegere.
577 2361 654 2438 post
676 2356 733 2419 ubi
755 2355 900 2437 pericula
922 2355 1043 2419 virtute
1066 2354 1216 2438 propule-

204 2448 287 2526 rant,
311 2442 407 2506 sooiis
432 2446 529 2523 atque
553 2443 665 2506 amicis
690 2442 810 2505 auxilia
832 2443 1019 2525 portabant,
1045 2443 1216 2527 magisque

205 2531 317 2596 dandis
341 2551 439 2613 quam
462 2528 659 2611 accipiundis
678 2529 837 2593 benificiis
862 2529 1022 2594 amicitias
1046 2531 1217 2615 parabant.

170 2637 185 2684 s
204 2619 377 2703 imperium
395 2616 598 2701 legitumum,
620 2639 740 2681 nomen
759 2617 877 2700 imperi
895 2619 1022 2703 regium
1039 2619 1216 2683 habebant.

205 2708 335 2791 delecti,
364 2706 481 2791 quibus
510 2727 626 2788 corpus
656 2705 748 2769 annis
771 2706 950 2790 infirmum,
975 2707 1143 2791 ingenium
1167 2729 1218 2772 sa-

204 2797 328 2881 pientia
351 2794 494 2859 ralidum
513 2797 592 2877 erat,
614 2793 663 2858 rei
679 2793 830 2877 publicae
850 2795 1093 2880 consultabant3
1117 2796 1147 2858 ei
1165 2795 1217 2859 rel

206 2889 313 2948 aetate
348 2883 400 2948 vel
438 2904 532 2947 curae
569 2881 781 2946 similitudine
813 2886 923 2965 patres
957 2884 1217 2966 appellabantur.

171 2989 186 3037 ‘1
206 2976 282 3056 post
304 2971 361 3034 ubi
384 2971 511 3055 regium
533 2970 719 3054 imperium,
748 2971 834 3054 quod
859 2971 955 3035 initio
980 2972 1218 3037 conservandae

206 3058 369 3124 libertatis
397 3063 495 3142 atque
523 3057 688 3143 augendae
716 3059 764 3123 rei
790 3059 939 3142 publicae
962 3060 1081 3144 fuerat,
1109 3061 1144 3125 in
1168 3082 1219 3124 su-

206 3147 353 3231 perbiam
367 3146 687 3230 dominationemque
702 3169 735 3211 se
753 3148 925 3231 convortit,
943 3149 1107 3213 inmutato
1127 3170 1217 3212 more

208 3259 314 3301 annua
345 3235 481 3318 imperia
510 3235 669 3318 binosque
696 3236 909 3319 imperatores
937 3236 1000 3300 sibi
1028 3235 1147 3321 fecere3
1180 3259 1218 3301 eo

208 3325 304 3389 modo
334 3324 475 3388 minume
503 3345 600 3407 posse
632 3324 793 3407 putabant
824 3345 882 3407 per
909 3324 1075 3389 licentiam
1102 3325 1220 3390 insole-

209 3435 298 3477 scere
322 3414 466 3477 animum
488 3413 676 3477 humanum.

171 3502 188 3564 7
278 3499 341 3566 Sed
368 3524 406 3566 ea
434 3505 631 3585 tempestate
660 3523 793 3585 coepere
822 3523 855 3565 se
880 3501 1016 3584 quisque
1040 3501 1145 3587 magis
1170 3524 1221 3565 ex·

172 3588 324 3653 atollere
347 3591 517 3674 magisque
546 3590 712 3676 ingenium
735 3590 770 3653 in
792 3594 947 3673 promptu
969 3589 1099 3654 habere.
1144 3611 1220 3654 nam
