2542 4192
204 280 248 346 54
530 280 559 335 (ι.
579 278 752 335 SALLUSTI
770 277 887 334 CRISPI

205 425 271 490 dre
257 429 292 489 a
315 429 518 490 contemnere
523 424 733 509 ,Iugurthae
755 423 859 488 virtut
860 445 911 488 em
934 426 988 487 ext
973 423 1088 487 tollere
1111 420 1217 485 laudi

204 514 279 577 bus.
307 517 381 598 grat
382 512 414 576 ia
440 534 531 597 voce,
559 512 695 596 denique
719 511 869 576 omnibus
893 510 997 575 modis
1020 531 1080 594 pro
1104 508 1214 573 alieno

170 615 186 663 3
205 601 380 665 scelere
347 605 380 665 et
402 600 528 684 flagitio
553 622 611 664 sua
630 599 723 683 quasi
740 622 800 682 pro
819 599 925 684 gloria
946 602 997 662 mt
973 598 1145 663 t.ebantur
1179 599 1215 659 at

205 691 318 752 contra
339 688 444 771 pauci,
468 688 583 771 quibus
607 688 729 750 bonum
752 691 785 751 et
806 709 942 769 aequom
961 686 1084 750 divitiis
1105 684 1213 751 carius

205 779 284 859 erat,
307 775 564 840 subveniundum
587 774 765 839 Adherbali
788 779 822 839 et
844 773 1043 857 Hiempsalis
1071 775 1215 836 mortem

169 877 186 925 4
206 885 314 927 severe
327 862 552 927 vindicandam
567 864 750 943 censebant,
769 862 825 926 sed
843 884 882 926 ex
897 862 1046 926 omnibus
1061 881 1214 924 maxume

205 951 364 1015 Aemilius
381 949 528 1034 Scaurus,
551 950 649 1015 homo
667 950 788 1015 nobilis
807 949 935 1033 inpiger
957 949 1124 1032 factiosus,
1147 947 1214 1011 ιιι-

205 1039 264 1102 dus
291 1039 457 1123 potentiae
484 1038 617 1103 honoris
645 1037 846 1120 divitiarum,
874 1041 1017 1102 ceterum
1043 1036 1126 1100 vitia
1153 1057 1214 1099 sua

170 1140 186 1189 5
206 1126 319 1191 callide
343 1127 517 1190 occultans.
547 1126 577 1190 is
595 1129 770 1209 postquam
787 1125 876 1190 videt
894 1124 981 1208 regis
1002 1123 1214 1209 largitionem

204 1214 364 1279 famosam
386 1213 668 1297 inpudentemque,
690 1213 823 1297 veritus,
847 1212 933 1296 quod
945 1211 981 1276 in
993 1211 1054 1276 tali
1068 1233 1102 1275 re
1118 1210 1214 1294 solet,

203 1324 244 1366 ne
262 1302 390 1385 polluta
407 1301 507 1365 licent
508 1302 540 1365 ia
558 1300 713 1365 invidiam
731 1300 928 1384 accenderet,
947 1299 1091 1363 animum
1105 1321 1124 1362 a
1138 1319 1215 1362 con-

154 1389 277 1453 lbsuet
263 1393 299 1453 ta
319 1388 464 1453 lubidine
488 1411 549 1454 cou
549 1388 657 1453 tinuit.
702 1388 782 1453 vicit
804 1387 949 1452 tamen
940 1410 975 1451 m
998 1391 1113 1452 senatu
1134 1407 1213 1469 pars

170 1491 185 1538 2
204 1477 270 1561 ιιιι,
293 1499 374 1561 quae
397 1499 473 1542 vero
496 1477 639 1560 pretium
662 1480 718 1540 aut
741 1476 882 1560 gratiam
905 1474 1115 1540 anteferebat.
1160 1474 1214 1538 de

205 1569 330 1630 cretum
356 1565 409 1649 fit,
440 1569 490 1630 ut1
463 1565 631 1629 tidecem
657 1564 760 1648 legati
782 1584 932 1648 regnum,
965 1563 1050 1647 quod
1073 1560 1214 1645 Micipsa

205 1653 431 1736 optinuerat,'
422 1656 472 1716 mt
474 1675 508 1715 ιι
522 1652 638 1752 Iugurt
624 1652 716 1716 tham
734 1655 768 1715 et
781 1651 1000 1715 Adherbalem
1023 1650 1213 1715 dividerent.

205 1739 295 1804 cuius
314 1739 488 1838 legationis
507 1739 657 1822 princeps
676 1738 739 1802 fuit
755 1737 791 1801 L
807 1738 965 1822 Oprmrus
987 1739 1085 1803 homo
1105 1738 1213 1802 clarus

205 1829 238 1890 ot
261 1827 368 1890 tum
358 1848 394 1889 ιιι
416 1830 532 1891 senatu
552 1831 611 1927 pot
614 1848 683 1910 ens,
713 1825 789 1909 quia
812 1825 983 1892 consulO
1007 1824 1153 1891 Graccho
1179 1829 1214 1889 et

204 1913 247 1977 M.
271 1912 386 1978 Fulvio
409 1913 585 1978 Flaccoin
586 1913 730 1978 terfectis
750 1935 914 1978 acerrume
932 1914 998 1979 vict
1001 1914 1103 1979 oriam
1121 1913 1214 1978 nobi·

170 2001 346 2066 ιιιιιιιι
337 2024 373 2065 1n
398 2003 527 2103 plebem
555 2005 748 2066 exercuerat.
794 2023 868 2065 eum
890 2001 1051 2088 Iugurtha
1079 2000 1212 2065 tametsi

203 2089 359 2155 Romae
350 2114 385 2155 1n
399 2089 539 2155 inimicis
562 2089 721 2154 habuera
706 2092 869 2174 ttamen,
891 2090 1141 2155 accuratissume
1163 2109 1212 2151 re

205 2178 304 2263 cepit,
277 2178 503 2243 ιιιιιιιιιιο
488 2178 707 2262 tpollicendo
734 2178 838 2242 multa
865 2178 1082 2262 perfecitut
1085 2176 1092 2189 '
1068 2175 1212 2240 trfams

204 2266 280 2349 fide,
308 2270 475 2349 postremo
504 2266 653 2330 omnibus
681 2266 748 2330 suis
776 2266 872 2329 rebus
896 2199 1100 2333 commoduni
1121 2263 1210 2349 regis

169 2363 186 2414 4
205 2352 389 2416 anteferret.
366 2353 554 2452 treliqpos
569 2354 657 2452 legat
660 2375 695 2417 os
643 2353 865 2417 teadem
836 2375 890 2417 ιιι
903 2373 1075 2452 aggressus
1089 2352 1212 2436 pleros·

170 2454 186 2503 5
206 2461 267 2522 que
291 2439 391 2523 capit,
413 2439 527 2522 paucis
552 2441 656 2504 carior
678 2440 757 2504 fides
782 2462 878 2524 quam
901 2440 1038 2540 pecunia
1059 2439 1131 2503 fuit.
1176 2439 1212 2503 in

204 2527 360 2591 divisione
392 2548 474 2610 quae
500 2549 577 2611 pars
599 2526 772 2592 Numidiae
800 2527 929 2592 Mauret
915 2527 1037 2592 taniam
1066 2525 1212 2611 attingit,

114 2614 118 2621 ’
205 2636 283 2701 agro
315 2614 458 2698 virisque
491 2615 635 2699 opulent
626 2636 688 2698 ror,
725 2613 902 2698 Iugurthae
935 2615 1088 2699 traditur,
1119 2613 1212 2678 illam

204 2705 341 2768 alteram
369 2703 476 2787 specie
504 2724 601 2786 quam
624 2724 685 2767 usu
707 2702 882 2787 potiorem,
914 2725 996 2786 quae
1022 2701 1213 2786 portuosior

204 2796 237 2856 et
261 2792 414 2856 aedificiis
443 2791 547 2876 magis
576 2794 731 2855 exornata
754 2793 837 2872 crat,
864 2789 1029 2855 Adherbal
1056 2789 1211 2874 'possedit

153 2878 192 2941 17
270 2878 335 2943 Res
358 2882 434 2962 post
420 2879 524 2942 tulare
551 2878 639 2942 videt
625 2882 678 2942 tur
700 2876 832 2941 Africae
860 2877 903 2940 sit
890 2881 960 2942 tum
982 2878 1093 2962 paucis
1116 2899 1212 2978 expo·
1259 2884 1262 2889 ’

203 2986 279 3028 nere
304 2969 336 3029 et
359 2987 413 3029 eas
437 2969 515 3048 gent
516 2965 553 3048 is,
577 2965 770 3049 quibuscum
792 2964 887 3029 nobis
911 2965 1031 3029 bellum
1055 2969 1112 3029 aut
1133 2965 1212 3029 ami·

168 3052 248 3116 scit
249 3052 282 3116 ia
234 3051 438 3135 tfuit,a
419 3052 589 3136 attingere
635 3053 692 3117 sed
719 3074 801 3136 quae
830 3052 903 3116 loca
929 3056 963 3116 et
989 3053 1138 3117 nationes
1167 3053 1210 3117 ob

203 3141 344 3206 calorem
366 3143 423 3203 aut
446 3139 670 3224 asperitatem,
696 3140 777 3204 item
801 3139 991 3204 solitudines
1020 3140 1126 3205 minus
1149 3139 1212 3204 fre·

204 3232 360 3312 quentata
383 3231 473 3311 sunt,
501 3227 539 3291 de
571 3228 617 3292 eis
645 3227 733 3292 haud
760 3227 855 3292 facile
882 3231 1073 3310 conpertum
1100 3249 1212 3292 narra·

202 3317 312 3382 verim.
358 3320 466 3382 cetera
489 3337 587 3399 quam
608 3315 823 3400 paucissumis
846 3315 1021 3380 absolvam.

168 3421 184 3468 3
291 3403 332 3469 Iu
354 3404 511 3470 divisione
535 3402 623 3468 orbis
647 3407 752 3468 terrae
775 3402 921 3487 plerique
943 3402 979 3466 in
996 3407 1090 3487 parte
1112 3404 1212 3469 tertia

202 3492 349 3557 Africam
371 3513 517 3576 posuere,
539 3491 634 3574 pauci
657 3493 786 3554 tantum
809 3491 905 3555 modo
924 3489 1039 3555 Asiam
1058 3495 1092 3555 et
1109 3491 1210 3557 Euro-

165 3594 183 3641 4
201 3600 278 3662 pam
300 3601 380 3664 esse,
403 3580 459 3644 sed
482 3578 628 3644 Africam
650 3579 685 3643 in
707 3578 848 3663 Europa.
889 3601 926 3643 ea
949 3579 1023 3643 finis
1046 3579 1147 3644 habet
1169 3580 1211 3644 ab
