2542 4192
208 248 250 312 70
533 248 563 305 C.
583 248 753 304 SALLUSTI
771 247 886 303 CRISPI

204 394 363 476 dueesque
377 396 566 477 turmarum,
588 393 711 477 partim
724 393 775 457 uti
792 393 1046 479 transfugerent,
1065 414 1217 459 conrum-

168 496 186 542 4
203 503 288 564 pere,
311 481 367 544 alii
391 481 484 564 signo
503 480 580 545 dato
599 482 707 546 locum
724 481 774 545 uti
794 481 978 547 desererent
1023 502 1106 565 quae
1125 487 1216 565 post-

204 589 301 650 quam
329 589 368 632 ex
396 568 558 632 sententia
585 568 734 652 instruit,
761 567 958 651 intempesta
984 572 1082 633 noete
1106 569 1146 633 de
1169 571 1216 634 in-

203 656 334 738 proviso
345 656 553 720 multitudine
562 655 778 720 Numidarum
788 657 865 720 Auli
876 660 984 720 eastra
993 656 1215 722 circumvenit.

168 758 184 806 a
203 743 324 807 milites
339 743 488 827 Romani,
505 743 647 828 perculsi
663 744 808 808 tumultu
826 743 970 827 insolite,
989 765 1079 808 arma
1098 766 1215 829 capere

203 830 259 894 alii
283 830 338 894 alii
362 853 395 896 se
419 832 545 914 abdere,
567 853 642 916 pars
666 832 799 897 territos
828 832 1028 916 confirmare,
1050 833 1216 917 trepidare

203 918 354 982 omnibus
378 919 467 984 loeis.
512 919 561 983 vis
584 940 703 1004 magna
724 918 880 1003 hostium,
903 920 1028 984 eaelum
1050 925 1148 985 noete
1168 926 1216 985 at

204 1027 265 1088 que
287 1006 429 1071 nubibus
453 1008 671 1092 obscuratum,
693 1007 873 1090 perieulum
895 1029 1023 1091 anceps,
1044 1011 1214 1090 postremo

168 1111 184 1159 a
202 1093 315 1178 fugere
339 1117 381 1158 an
403 1116 532 1159 manere
551 1095 654 1158 tutius
672 1094 768 1179 foret,
786 1094 820 1158 in
838 1095 962 1159 incerto
982 1098 1061 1159 erat.
1098 1097 1156 1160 sed
1176 1118 1216 1161 ex

204 1203 241 1246 eo
260 1204 403 1265 numere,
425 1204 505 1265 quos
524 1183 621 1266 paulo
641 1187 715 1247 ante
735 1186 910 1266 corruptos
927 1182 1076 1266 diximus,
1095 1183 1215 1249 cohors

202 1291 267 1334 una
289 1268 448 1354 Ligurum
476 1292 549 1334 oum
572 1271 695 1335 duabus
719 1271 836 1335 turmis
859 1270 1021 1335 Thracum
1044 1273 1077 1335 et
1099 1273 1215 1355 pauois

203 1357 362 1442 gregariis
395 1357 554 1423 militibus
587 1358 744 1423 transiere
777 1358 817 1422 ad
848 1379 972 1443 regem,
1004 1362 1038 1422 et
1065 1360 1215 1424 centurio

202 1444 300 1528 primi
322 1444 383 1528 pili
404 1447 521 1511 tertiae
543 1446 681 1532 legionis
704 1468 762 1530 per
785 1446 1012 1529 munitionem,
1041 1467 1139 1529 quarn
1162 1449 1215 1513 uti

204 1531 388 1598 defenderet
411 1538 587 1618 acceperat,
610 1535 717 1599 locum
740 1534 890 1598 hostibus
909 1533 1095 1599 introeundi
1114 1534 1215 1619 dedit,

169 1637 304 1704 reaque
334 1620 494 1686 Numidae
525 1623 633 1686 euneti
660 1622 819 1704 inrupere.
867 1622 974 1686 nostri
1000 1620 1094 1685 foeda
1125 1621 1215 1708 fuga,

202 1708 347 1791 plerique
375 1709 510 1772 abiectis
538 1709 651 1792 armis,
677 1731 872 1792 proxumum
900 1709 1017 1774 collem
1039 1730 1216 1794 ooeupave-

168 1811 185 1859 8
203 1798 287 1857 runt.
332 1816 398 1858 nox
420 1799 517 1878 atque
540 1797 660 1880 praeda
682 1800 864 1861 castrorum
881 1797 998 1880 hostis,
1021 1798 1214 1880 quominus

168 1881 340 1947 aviotoria
372 1886 553 1960 uterentur,
582 1887 745 1948 remorata
777 1890 862 1949 sunt.
912 1884 1024 1949 deinde
1051 1883 1216 1970 Iugurtha

202 1973 334 2054 postero
358 1970 408 2034 die
432 1993 505 2036 eum
528 1970 613 2036 Aulo
636 1973 672 2036 in
694 1972 865 2056 conloquio
889 1973 988 2036 verba
1010 1971 1104 2037 feeit:
1131 1977 1215 2039 tam·

203 2058 266 2122 etsi
288 2059 395 2141 ipsum
419 2081 492 2124 eum
515 2060 657 2126 exercitu
679 2059 764 2124 fame
788 2065 822 2124 et
843 2059 930 2125 ferro
958 2060 1103 2126 clausum
1126 2065 1214 2127 tene-

202 2150 262 2230 ret,
285 2151 396 2211 tamen
418 2169 452 2212 se
476 2170 653 2214 memorem
674 2148 890 2214 humanarum
912 2170 1030 2232 rerum,
1053 2147 1081 2211 si
1103 2170 1212 2217 seeum

202 2234 316 2299 foedus
340 2233 470 2319 faceret,
493 2235 665 2301 incolumis
685 2237 789 2301 omnis
809 2235 1002 2321 subiugum
1022 2235 1213 2322 missurum3

154 2338 186 2386 ιο
203 2324 372 2405 praeterea
393 2322 444 2385 uti
467 2322 579 2388 diebus
603 2324 712 2388 decern
735 2322 891 2389 Numidia
913 2323 1088 2389 decederet.
1131 2346 1212 2408 quae

204 2429 400 2491 quamquam
414 2409 526 2493 gravia
536 2414 569 2474 et
578 2411 684 2495 flagiti
693 2412 790 2494 plena
799 2416 900 2496 erant,
914 2416 1032 2496 tamen,
1043 2410 1121 2494 quia
1129 2434 1213 2478 mor·

204 2496 247 2559 tis
263 2499 353 2559 metu
367 2497 587 2582 mutabantur,
607 2498 704 2562 siouti
718 2499 788 2584 regi
801 2500 961 2585 lubuerat,
974 2521 1038 2584 pax
1052 2501 1212 2565 convenit.

152 2584 193 2649 39
272 2581 336 2648 Sed
364 2584 422 2648 ubi
454 2606 492 2649 ea
519 2584 642 2650 Romae
675 2591 828 2671 conperta
860 2590 949 2671 sunt,
979 2591 1085 2652 metus
1113 2592 1212 2671 atque

203 2694 331 2738 maeror
353 2672 519 2738 civitatem
541 2672 701 2739 invasere:
728 2697 803 2759 pars
828 2675 935 2740 dolere
952 2696 1012 2759 pro
1031 2675 1137 2760 gloria
1154 2676 1213 2741 im·

202 2761 290 2913 ab
313 2761 890 2934 {tedulllffilbtllllt
904 2763 1212 2936 llltttllll

204 2936 283 3000 olari
314 2935 457 3020 fuerant,
494 2901 580 3020 quod
612 2943 756 3003 armatus
787 2939 940 3004 dedecore
971 2938 1082 3023 potius
1115 2961 1214 3022 quam

168 3040 184 3088 a
204 3044 303 3087 manu
326 3024 465 3088 salutem
489 3025 700 3107 quaesiverat.
731 3026 788 3090 ⁴ob
812 3048 851 3091 ea
873 3027 986 3092 consul
1008 3026 1148 3090 Albinus
1174 3049 1213 3091 ex

204 3111 321 3177 delioto
350 3111 462 3176 fratris
489 3112 645 3177 invidiam
672 3135 709 3178 ao
738 3114 850 3178 deinde
882 3114 1062 3198 perieulum
1093 3114 1213 3179 timens

203 3202 353 3265 senatum
376 3200 414 3263 de
437 3198 566 3264 foedere
589 3201 792 3286 consulebat,
820 3205 853 3266 et
875 3205 987 3266 tamen
1008 3201 1141 3267 interim
1163 3224 1215 3267 exe

203 3288 320 3353 eroitui
352 3288 613 3372 supplementum
642 3288 796 3372 seribere,
828 3290 869 3353 ab
898 3288 994 3354 sociis
1023 3292 1056 3354 et
1082 3290 1214 3354 nomine

202 3374 321 3441 Latino
341 3376 462 3440 auxilia
480 3398 652 3460 arcessere,
675 3377 811 3460 denique
831 3377 982 3441 omnibus
1001 3377 1105 3441 modis
1124 3377 1215 3442 festi-

168 3479 183 3527 3
201 3485 289 3528 nare.
336 3468 467 3529 senatus
490 3465 547 3549 ita,
569 3464 620 3529 uti
641 3486 701 3548 par
723 3464 843 3548 fuerat,
866 3464 1009 3530 decernit
1033 3487 1091 3530 suo
1115 3469 1214 3548 atque

167 3551 317 3635 rpopuli
348 3552 474 3617 iniussu
500 3553 627 3617 nullum
654 3552 801 3636 potuisse
829 3551 942 3617 foedus
969 3552 1049 3618 fieri.
1100 3555 1215 3619 oonsul
