2542 4192
196 258 240 322 22
519 255 547 312 C.
567 256 736 311 SALLUSTI
754 256 869 312 CRISPI

163 419 349 486 suamque,
375 401 426 466 uti
452 401 564 485 paucis
592 424 704 466 verum
732 402 912 487 absolvam,
941 407 1017 486 post
1044 401 1102 467 illa
1123 406 1207 468 tem·

196 513 278 575 pora
300 490 494 572 quicumque
517 490 765 576 rempublicam
788 491 960 576 agitavere,
978 491 1125 555 honestis
1148 514 1206 557 no·

198 578 349 661 minibus,
372 577 428 640 alii
451 577 548 641 sicuti
570 578 683 661 populi
705 578 777 642 iura
800 578 1014 661 defenderent,
1037 601 1114 663 pars
1139 601 1204 663 quo

199 669 330 730 senatus
362 665 539 729 auctoritas
572 687 724 730 maxuma
752 665 851 749 foret,
883 667 1005 730 bonum
1035 667 1205 749 publicum

162 769 180 816 4
199 754 389 817 simulantes
412 775 471 835 pro
487 775 545 816 sua
568 754 704 836 quisque
723 754 872 837 potentia
891 754 1068 818 certabant.
1099 776 1206 838 neque

198 841 265 905 illis
287 841 448 904 modestia
468 862 573 923 neque
595 843 710 905 modus
734 841 950 906 contentionis
963 841 1051 905 erat:
1073 842 1205 924 utrique
1253 899 1255 903 ,

146 928 371 994 39victoriam
403 929 576 992 crudeliter
606 930 808 993 exercebant.
855 929 911 992 sed
942 934 1117 1012 postquam
1147 928 1205 994 Cn.

198 1015 371 1100 Pompeius
395 1016 437 1080 ad
458 1016 580 1080 bellum
603 1017 813 1080 maritumum
832 1020 930 1100 atque
944 1016 1206 1082 Mithridaticum

107 1164 112 1173 .
199 1104 318 1168 missus
342 1108 401 1186 est,
423 1103 528 1187 plebis
551 1125 629 1187 opes
651 1105 840 1187 inminutae,
861 1127 1039 1188 paucorum
1056 1105 1206 1188 potentia

164 1208 180 1256 2
200 1192 309 1257 crevit.
341 1191 371 1255 ei
389 1191 602 1276 magistratus
620 1191 804 1274 provincias
820 1192 948 1275 aliaque
963 1193 1073 1257 omnia
1085 1197 1205 1276 tenere,

198 1280 263 1363 ipsi
285 1278 409 1343 innoxii
431 1279 583 1342 fiorentes
607 1279 675 1344 sine
693 1284 783 1343 metu
802 1284 943 1344 aetatem
958 1302 1053 1366 agere
1068 1286 1205 1345 eeteros-

200 1389 261 1450 que
283 1366 411 1430 indiciis
435 1369 570 1449 terrere,
593 1389 657 1449 quo
680 1367 810 1450 plebem
831 1368 866 1431 in
888 1368 1085 1453 magistratu
1105 1369 1206 1452 placi-

164 1470 179 1518 3
199 1455 271 1519 dius
290 1457 477 1519 tractarent.
511 1455 567 1518 sed
584 1455 642 1519 ubi
660 1455 802 1538 primum
821 1457 927 1520 dubiis
945 1457 1042 1521 rebus
1064 1457 1206 1521 novandi

200 1565 273 1627 spes
293 1543 405 1607 oblata
417 1546 477 1625 est,
499 1546 593 1606 vetus
612 1547 777 1608 certamen
795 1545 920 1608 animos
940 1565 1052 1608 eorum
1070 1544 1205 1608 adrexit.

164 1632 287 1714 4quod
315 1630 344 1695 si
370 1630 476 1714 primo
506 1629 630 1713 proelio
663 1629 806 1696 Catilina
838 1631 984 1714 superior
1014 1635 1071 1695 aut
1102 1654 1207 1715 aequa

199 1741 297 1782 manu
319 1717 535 1799 discessisset,
562 1718 709 1801 profecto
728 1739 848 1802 magna
877 1717 982 1782 clades
1006 1723 1104 1801 atque
1123 1721 1206 1785 cala-

199 1806 297 1870 mitas
320 1827 388 1869 rem
411 1804 576 1888 publicam
599 1805 823 1888 obpressisset,
845 1826 949 1888 neque
963 1804 1040 1886 illis,
1063 1807 1119 1888 qui
1141 1807 1207 1872 vic·

199 1893 318 1958 toriam
341 1892 451 1975 adepti
472 1891 589 1976 forent,
611 1892 733 1956 diutius
752 1914 790 1957 ea
807 1892 857 1956 uti
879 1891 1034 1973 licuisset,
1057 1892 1135 1975 quin
1154 1895 1207 1958 de·

199 1980 295 2045 fessis
318 1984 351 2044 et
378 1980 577 2065 exanguibus
596 1980 652 2063 qui
669 1980 743 2063 plus
761 1984 889 2064 posset,
915 1979 1086 2063 imperium
1105 1984 1207 2064 atque

165 2069 387 2133 olibertatem
419 2072 634 2151 extorqueret.
679 2067 769 2132 fuere
798 2072 909 2133 tamen
938 2071 1030 2131 extra
1061 2068 1206 2133 coniura-

142 2201 148 2209 ,
200 2157 324 2222 tionem
355 2156 541 2240 conplures,
574 2155 630 2240 qui
661 2157 702 2220 ad
732 2155 908 2222 Catilinam
938 2155 1033 2220 initio
1065 2155 1204 2240 profecti

200 2249 285 2310 sunt.
329 2245 433 2308 ineis
457 2247 527 2308 erat
549 2243 697 2328 Fulvius,
728 2244 888 2309 senatoris
911 2243 1011 2326 filius,
1040 2265 1135 2327 quem
1157 2267 1204 2308 re-

200 2336 343 2397 tractum
366 2353 405 2394 ex
426 2331 543 2395 itinere
565 2354 681 2415 parens
704 2332 813 2396 necari
835 2332 940 2395 iussit.
974 2383 977 2387 .

166 2437 182 2484 6
266 2419 374 2482 Isdem
396 2418 598 2501 temporibus
621 2419 744 2483 Romae
762 2418 929 2500 Lentulus,
952 2419 1049 2484 sicuti
1064 2417 1206 2484 Catilina

200 2509 422 2593 praeceperat,
450 2527 669 2590 quoscumque
697 2506 842 2571 moribus
871 2509 928 2570 aut
955 2505 1086 2571 fortuna
1112 2506 1205 2571 novis

200 2596 297 2660 rebus
320 2593 453 2658 idoneos
477 2594 636 2676 credebat,
659 2596 716 2658 aut
738 2616 797 2678 per
815 2615 849 2659 se
868 2598 924 2657 aut
942 2616 1001 2677 per
1019 2595 1100 2659 alios
1120 2595 1206 2658 solli·

202 2683 338 2766 citabat,
360 2704 465 2766 neque
488 2683 594 2746 solum
617 2681 710 2765 civis,
737 2682 794 2747 sed
816 2681 970 2764 cuiusque
994 2682 1081 2746 modi
1104 2703 1205 2767 genus

148 2771 192 2834 40
200 2771 378 2852 hominum,
402 2771 488 2854 quod
510 2771 606 2835 modo
630 2771 716 2835 bello
738 2770 813 2834 usui
834 2769 928 2834 foret.
960 2769 1062 2855 igitur
1080 2769 1115 2832 P.
1129 2768 1206 2834 Um-

200 2860 301 2923 breno
325 2858 452 2923 cuidam
473 2859 643 2942 negotium
666 2859 735 2939 dat,
763 2857 814 2921 uti
841 2857 967 2942 legatos
990 2856 1206 2942 Allobrogum

201 2946 346 3028 requirat
365 2966 492 3028 eosque,
516 2946 544 3007 si
562 2945 676 3028 possit,
699 2945 835 3028 inpellat
854 2946 895 3009 ad
912 2945 1102 3010 societatem
1119 2945 1207 3029 belli,

201 3032 400 3097 existumans
423 3030 552 3115 publice
570 3032 787 3115 privatimque
810 3054 883 3096 aere
901 3033 1006 3097 alieno
1025 3034 1207 3117 obpressos,

201 3125 368 3205 praeterea
404 3120 490 3202 quod
523 3123 641 3183 natura
671 3140 751 3205 gens
779 3119 905 3185 Gallica
931 3120 1086 3185 bellicosa
1112 3125 1207 3204 esset,

124 3223 125 3226 ’
166 3209 297 3274 afacile
320 3229 375 3272 eos
399 3207 440 3270 ad
463 3206 528 3270 tale
552 3207 723 3272 consilium
746 3209 862 3273 adduci
883 3230 988 3292 posse.
1022 3208 1206 3273 Umbrenus

202 3298 289 3380 quod
311 3296 346 3359 in
369 3293 477 3359 Gallia
490 3295 687 3379 ‚negotiatus
711 3300 795 3380 erat,
821 3296 984 3380 plerisque
1006 3296 1207 3381 principibus

202 3384 386 3450 civitatium
407 3388 505 3448 notus
529 3387 599 3446 erat
622 3387 719 3466 atque
743 3406 798 3449 eos
821 3387 964 3448 noverat.
1004 3384 1115 3468 itaque
1139 3384 1207 3449 sine

202 3494 306 3556 mora,
329 3471 386 3536 ubi
408 3472 550 3556 primum
573 3471 699 3557 legatos
723 3471 758 3535 in
779 3471 851 3536 foro
875 3472 1056 3554 conspexit,
1078 3493 1209 3555 percon·

202 3563 291 3623 tatus
318 3581 422 3644 pauca
449 3559 488 3624 de
516 3563 606 3624 statu
633 3559 776 3624 civitatis
808 3564 843 3623 et
874 3558 967 3645 quasi
995 3561 1107 3624 dolens
1139 3559 1209 3624 eius
