2542 4192
214 249 257 313 28
544 246 573 304 C.
592 245 763 300 SALLUSTI
781 244 896 299 CRISPI

214 393 425 476 pontificatus
450 391 523 455 odio
546 391 710 474 incensus,
734 391 819 473 quod
843 394 988 453 extrema
1010 393 1130 474 aetate,
1158 413 1227 455 ma-

214 480 321 544 xumis
340 479 519 543 honoribus
537 501 625 561 usus,
644 479 685 542 ab
705 478 945 542 adulescentulo
966 476 1102 542 Caesare
1117 479 1226 543 victus

180 586 196 632 3
216 568 418 631 discesserat.
463 589 515 630 res
540 570 648 630 autem
672 570 856 649 opportuna
878 566 1062 649 videbatur,
1086 567 1173 649 quod
1196 567 1226 630 is

215 656 370 739 privatim
393 655 525 740 egregia
546 654 755 736 liberalitate,
776 653 905 737 publice
929 655 1089 718 maxumis
1115 677 1225 719 mune

180 760 197 806 4
216 744 306 806 ribus
330 743 485 828 grandem
507 742 678 825 pecuniam
701 742 848 805 debebat.
894 743 950 806 sed
977 742 1034 806 ubi
1058 743 1226 807 consulem

134 872 137 878 -
216 831 257 894 ad
279 834 409 895 tantum
427 830 552 894 facinus
576 830 730 912 inpellere
750 833 923 913 nequeunt,
946 830 1011 912 ipsi
1029 830 1225 915 singillatim

217 918 443 982 circumeundo
471 923 568 1000 atque
595 917 803 981 ementiundo
827 938 908 999 quae
933 939 967 981 se
990 940 1030 981 ex
1052 917 1225 984 Volturcio

217 1011 274 1070 aut
305 1005 540 1090 Allobrogibus
574 1005 700 1069 audisse
733 1006 889 1088 dicerent,
921 1026 1074 1090 magnam
1101 1005 1151 1069 illi
1178 1006 1226 1070 in·

216 1094 336 1158 vidiam
369 1094 600 1174 conflaverant,
632 1115 734 1175 usque
763 1114 800 1156 eo
827 1096 865 1156 ut
890 1114 958 1156 non
983 1093 1065 1156 nulli
1097 1094 1225 1176 equites

216 1182 370 1264 Romani,
403 1182 458 1264 qui
485 1181 625 1265 praesidi
653 1202 750 1244 causa
777 1202 850 1244 oum
877 1181 953 1245 telis
981 1185 1073 1244 erant
1103 1182 1226 1245 circum

217 1272 330 1334 aedem
349 1269 557 1352 Concordiae,
580 1291 636 1333 seu
654 1268 790 1351 periculi
808 1269 1031 1354 magnitudine
1048 1290 1106 1333 seu
1124 1269 1226 1332 animi

217 1357 401 1422 mobilitate
420 1357 550 1441 inpulsi,
570 1378 634 1440 quo
653 1356 797 1420 studium
817 1378 912 1420 suum
929 1357 964 1419 in
977 1378 1046 1420 rem
1059 1357 1225 1439 publicam

218 1446 336 1510 clarius
360 1450 454 1530 esset,
478 1444 658 1531 egredienti
681 1466 720 1508 ex
743 1448 858 1508 senatu
881 1443 1012 1509 Caesari
1035 1444 1144 1529 gladio
1166 1445 1226 1508 mi-

216 1535 408 1598 niterentur.

165 1622 208 1687 50
282 1621 369 1686 Dum
392 1623 472 1686 haec
495 1622 531 1684 in
554 1626 669 1685 senatu
693 1625 834 1706 aguntur
852 1625 886 1685 et
904 1621 981 1684 dum
998 1620 1116 1706 legatis
1136 1621 1226 1685 Allo-

217 1711 356 1794 brogum
387 1713 419 1772 et
447 1709 482 1771 Τ.
510 1707 696 1789 Volturcio,
729 1709 928 1792 conprobato
957 1731 1069 1772 eornm
1095 1709 1226 1792 indicio,

216 1797 362 1880 praemia
393 1796 622 1878 decernuntur,
653 1796 763 1858 liberti
795 1800 828 1859 et
857 1797 953 1880 pauci
980 1802 1019 1861 eir
1051 1797 1226 1861 clientibus

217 1883 349 1948 Lentuli
377 1883 514 1946 divorsis
542 1882 715 1947 itineribus
743 1883 874 1966 opifices
903 1889 1001 1968 atque
1029 1884 1162 1949 servitia
1190 1884 1228 1948 in

217 1972 297 2037 vicis
317 1971 357 2035 ad
375 1993 450 2035 eum
468 1971 671 2054 eripiundum
691 1971 920 2056 sollicitabant,
942 1973 1063 2056 partim
1082 1973 1228 2056 exquire·

217 2061 298 2125 bant
325 2062 422 2124 duces
449 2059 710 2142 multitudinum,
742 2061 798 2143 qui
826 2061 933 2142 pretio
965 2082 1034 2124 rem
1060 2060 1227 2144 publicam

183 2165 198 2212 a
217 2171 333 2213 vexare
353 2148 442 2212 soliti
462 2152 562 2211 erant.
600 2146 763 2233 Cethegus
782 2152 891 2212 autem
908 2170 967 2231 per
983 2149 1116 2213 nuntios
1134 2148 1227 2212 fami·

217 2237 296 2300 liam
320 2240 417 2319 atque
440 2236 577 2300 libertos
601 2257 686 2319 suos,
704 2237 807 2301 lectos
831 2240 864 2299 et
883 2237 1086 2320 exercitatos,
1109 2237 1227 2300 orabat

218 2325 253 2387 in
285 2323 464 2406 audaciam,
498 2327 536 2386 ut
565 2344 663 2409 grege
695 2323 782 2388 facto
811 2346 884 2388 cum
912 2324 986 2388 telis
1014 2324 1055 2387 ad
1082 2345 1152 2389 sese
1179 2324 1227 2388 in-

184 2428 199 2474 3
219 2415 413 2493 rumperent.
459 2410 572 2474 consul
594 2411 651 2474 ubi
675 2432 712 2474 ea
734 2412 843 2493 parari
873 2412 1034 2497 cognovit,
1057 2412 1227 2495 dispositis

219 2497 401 2582 praesidiis,
429 2501 467 2560 ut
496 2520 547 2561 res
576 2502 674 2581 atque
702 2501 830 2582 tempus
854 2501 1020 2584 monebat,
1048 2504 1226 2565 convocato

220 2590 334 2650 senatu
356 2584 465 2669 refert,
493 2585 571 2668 quid
594 2587 633 2649 de
657 2586 703 2649 eis
726 2587 797 2650 fieri
818 2588 959 2671 placeat,
985 2587 1097 2672 quiin
1120 2592 1227 2652 custo-

219 2675 306 2738 diam
335 2674 449 2738 traditi
477 2678 577 2738 erant.
624 2675 680 2738 sed
708 2696 763 2738 eos
786 2676 883 2758 paulo
907 2680 982 2739 ante
1004 2676 1155 2758 frequens
1179 2698 1227 2740 se

184 2767 315 2828 enatus
342 2763 540 2827 iudicaverat
569 2768 682 2827 contra
708 2785 777 2826 rem
799 2764 964 2846 publicam
985 2763 1108 2828 fecisse.
1154 2768 1226 2828 tum

219 2850 258 2914 D.
276 2850 388 2915 Iunius
409 2850 538 2915 Silanus
558 2852 682 2934 primus
703 2852 897 2915 sententiam
915 2856 1059 2936 rogatus,
1082 2852 1168 2935 quod
1187 2873 1228 2915 eo

219 2943 365 3021 tempore
389 2940 501 3002 consul
525 2938 712 3024 designatus
736 2943 815 3022 erat,
837 2939 876 3003 de
900 2940 959 3022 eis,
985 2940 1098 3023 quiin
1121 2944 1227 3004 custo·

220 3025 281 3088 diis
309 3026 518 3108 tenebantur,
546 3030 579 3089 et
608 3030 777 3109 praeterea
803 3027 842 3090 de
870 3025 905 3090 L.
930 3026 1043 3092 Cassio
1066 3026 1102 3091 P.
1125 3026 1226 3092 Furio

219 3112 255 3177 P.
269 3111 435 3177 Umbreno
451 3112 488 3189 Q.
502 3112 620 3195 Annio,
640 3114 668 3177 si
687 3114 877 3198 deprehensi
895 3114 1012 3199 forent,
1031 3115 1227 3199 supplicium

221 3202 415 3265 sumundum
434 3202 632 3285 decreverat3
650 3202 742 3285 isque
761 3205 876 3285 postea
893 3207 1060 3285 permotus
1079 3203 1227 3267 oratione

220 3289 254 3356 C.
278 3290 425 3355 Caesaris
449 3290 585 3373 pedibus
607 3290 643 3352 in
665 3290 860 3353 sententiam
878 3289 926 3354 Ti.
944 3289 1084 3355 Neronis
1103 3291 1227 3355 iturum

221 3401 254 3442 se
278 3378 373 3461 dixit,
397 3379 483 3461 quod
506 3379 544 3441 de
568 3399 606 3440 ea
628 3399 663 3440 re
684 3377 854 3460 praesidiis
879 3378 998 3442 additis
1021 3378 1227 3444 referundum

185 3483 201 3530 5
221 3470 398 3530 censuerat.
444 3467 500 3531 sed
523 3464 650 3549 Caesar,
672 3465 729 3529 ubi
753 3466 885 3529 adeum
902 3471 1035 3530 ventum
1054 3472 1113 3551 est,
1135 3489 1228 3553 roga-

220 3557 274 3617 tus
289 3553 483 3617 sententiam
498 3576 518 3617 a
532 3555 662 3618 consule
677 3553 810 3618 huiusce
820 3553 908 3618 modi
917 3556 1017 3619 verba
1026 3556 1153 3620 locutus
1164 3560 1227 3619 est:
