2542 4192
329 236 474 291 BELLUM
492 236 685 292 CATILINAE
705 253 727 293 o.
748 243 860 294 56-69.
1056 240 1099 305 39

94 381 198 446 ficisci
211 381 420 465 nequiverim.
447 404 532 447 nunc
545 404 621 447 vero
636 404 700 466 quo
714 382 786 447 loco
805 403 856 447 res
875 387 1006 448 nostrae
1025 384 1100 469 sint,
1119 399 1136 450 o

93 470 185 534 iuxta
204 492 331 534 mecum
350 491 460 547 omnes
479 470 680 554 intellegitis.
704 470 863 535 exercitus
872 471 1018 536 hostium
1027 473 1099 555 duo,
1118 490 1135 539 1

93 579 177 622 unus
197 558 237 622 ab
256 558 336 622 urbe
355 557 439 620 alter
455 581 474 622 a
490 556 596 621 Gallia
611 557 757 641 obstant3
771 557 892 623 diutius
906 560 941 623 in
953 559 1005 623 his
1020 559 1099 624 locis

93 667 174 728 esse,
197 645 226 709 si
245 652 393 710 maxume
413 645 539 709 animus
558 645 651 728 ferat,
673 644 828 710 frumenti
847 650 944 729 atque
963 647 1100 711 aliarum

93 755 202 797 rerum
226 736 354 819 egestas
376 732 542 817 prohibet3
566 754 768 816 quocumque
795 734 842 797 ire
869 735 985 817 placet,
1012 735 1099 799 ferro
1119 754 1134 802 1

92 821 157 884 iter
175 821 386 904 aperiundum
405 824 463 884 est.
500 842 564 903 qua
581 825 715 905 propter
733 843 790 886 vos
809 843 935 905 moneo,
953 821 1003 885 uti
1021 821 1100 887 forti
1118 839 1135 888 8

91 911 192 991 atque
210 911 326 991 parato
345 908 452 972 animo
472 908 545 972 sitis
565 912 606 991 et,
626 930 699 972 oum
712 908 873 992 proelium
886 909 1022 994 inibitis,
1036 931 1101 974 me-

93 995 254 1060 mineritis
264 1017 322 1060 vos
333 995 463 1059 divitias
473 995 569 1060 decus
580 996 727 1080 gloriam,
736 1000 905 1080 praeterea
913 997 1100 1061 libertatem

91 1087 192 1165 atque
210 1083 352 1166 patriam
374 1083 410 1146 in
431 1082 552 1148 dextris
571 1084 691 1148 vostris
710 1087 848 1167 portare.
885 1085 913 1147 si
931 1084 1134 1168 vincimus,a

93 1170 202 1234 omnia
224 1171 320 1235 nobis
343 1173 416 1234 tuta
435 1174 538 1254 erunt,
561 1175 747 1236 conmeatus
767 1171 901 1256 abunde,
924 1172 1100 1254 municipia

91 1262 192 1341 atque
216 1257 360 1322 coloniae
382 1259 554 1341 patebunt:
583 1259 611 1322 si
638 1263 728 1323 metu
756 1259 960 1342 cesserimus,
988 1259 1100 1323 eadem

91 1345 150 1408 illa
169 1346 306 1410 advorsa
322 1345 411 1429 fient,
432 1367 536 1428 neque
555 1346 645 1410 locus
662 1368 766 1429 neque
786 1347 908 1411 amicus
927 1347 1099 1430 quisquam
1119 1363 1153 1413 10

95 1437 187 1518 teget
206 1454 302 1515 quem
320 1454 411 1497 arma
427 1454 494 1497 non
507 1433 656 1496 texerint.
688 1438 863 1518 praeterea,
884 1435 1015 1518 milites,
1033 1457 1100 1498 non
1119 1453 1151 1499 11

91 1520 204 1584 eadem
217 1521 312 1585 nobis
325 1524 358 1584 et
371 1520 438 1584 illis
451 1520 655 1585 necessitudo
665 1520 831 1604 inpendet:
845 1543 904 1586 nos
914 1544 973 1605 pro
983 1523 1100 1605 patria,

92 1630 152 1692 pro
175 1607 337 1692 libertate,
359 1630 419 1690 pro
438 1608 507 1672 vita
526 1611 697 1692 certamus,
719 1608 785 1672 illis
805 1630 1100 1692 supervacuaneum

91 1699 144 1760 est
174 1717 234 1778 pro
265 1695 414 1779 potentia
445 1717 623 1779 paucorum
649 1716 803 1781 pugnare.
854 1718 917 1780 quo
946 1697 1098 1761 audacius
1119 1714 1152 1761 12

92 1783 329 1868 aggrediamini
351 1805 510 1848 memores
533 1783 689 1867 pristinae
712 1783 852 1849 virtutis.
893 1784 987 1849 licuit
1005 1784 1098 1849 vobis
1119 1801 1152 1850 11

92 1893 167 1935 cum
195 1893 322 1935 summa
349 1871 549 1954 turpitudine
572 1871 607 1935 in
630 1871 725 1936 exilio
750 1875 891 1936 aetatem
914 1893 1022 1957 agere,
1044 1894 1099 1956 po

92 1958 205 2022 tuistis
232 1980 299 2023 non
325 1958 408 2023 nulli
434 1959 558 2024 Romae
587 1959 716 2024 amissis
744 1960 838 2024 bonis
867 1959 988 2024 alienas
1021 1981 1098 2042 opes

92 2051 275 2130 expectare:
299 2046 375 2130 quia
392 2047 451 2110 illa
468 2047 562 2111 foeda
581 2050 678 2129 atque
696 2046 900 2111 intoleranda
918 2047 996 2112 viris
1015 2047 1099 2110 vide·
1119 2061 1154 2112 14

92 2134 225 2219 bantur,
256 2133 336 2199 haec
368 2134 461 2217 sequi
491 2134 688 2198 decrevistis.
738 2133 767 2197 si
801 2133 882 2197 haec
917 2134 1098 2216 relinquere
1119 2149 1152 2200 11

92 2222 200 2305 voltis,
219 2221 353 2286 audacia
372 2243 453 2305 opus
473 2223 536 2286 est:
558 2243 653 2286 nemo
671 2220 736 2286 nisi
753 2221 859 2285 victor
876 2243 955 2305 pace
975 2222 1098 2285 bellum

92 2310 241 2373 mutavit.
286 2332 362 2375 nam
389 2309 424 2373 in
450 2309 529 2394 fuga
556 2310 695 2373 salutem
723 2331 865 2393 sperare,
898 2331 971 2374 cum
999 2331 1098 2394 arma,
1119 2326 1152 2376 16

93 2397 210 2480 quibus
225 2419 342 2482 corpus
357 2397 489 2482 tegitur,
504 2398 545 2462 ab
559 2397 709 2462 hostibus
724 2397 1032 2482 110111111111110
1048 2398 1099 2461 de·

93 2485 216 2549 mentia
239 2489 298 2550 est.
343 2507 470 2568 semper
488 2485 523 2549 in
539 2485 664 2569 proelio
684 2485 729 2549 eis
749 2495 936 2549 maxumum
954 2489 1004 2548 est
1018 2485 1099 2567 peri·
1119 2501 1152 2550 17

92 2573 210 2656 culum,
229 2573 286 2656 qui
304 2594 453 2637 maxume
472 2573 603 2637 timent:
622 2573 755 2636 audacia
770 2595 829 2655 pro
844 2593 936 2637 muro
950 2571 1098 2636 habetur.

159 2659 241 2725 Cum
264 2681 322 2725 vos
347 2660 527 2742 considere,
555 2659 690 2742 milites,
718 2663 751 2722 et
778 2681 851 2723 eum
877 2659 1152 2724 1111110111118

93 2752 254 2830 aestumo,
291 2768 411 2832 magna
441 2769 493 2811 me
525 2769 598 2829 spes
634 2746 789 2810 victoriae
820 2748 918 2808 tenet.
972 2745 1098 2809 animus
1119 2761 1152 2810 19

93 2840 182 2900 aetas
205 2835 309 2899 virtus
332 2840 445 2899 rostra
471 2857 522 2898 me
550 2833 738 2916 hortantur,
769 2836 937 2916 praeterea
963 2832 1099 2896 necessi-

92 2923 181 3007 tudo,
204 2942 286 3006 quae
310 2923 410 2987 etiam
432 2921 564 2986 timidos
587 2919 683 2984 fortis
706 2919 794 2984 facit.
829 2942 905 2984 nam
924 2919 1098 2984 multitudo
1117 2936 1153 2985 20

91 3011 237 3075 hostium
267 3033 308 3075 ne
336 3010 564 3075 circumvenire
593 3013 699 3092 queat,
728 3007 902 3091 prohibent
930 3008 1099 3093 angustiae

92 3097 164 3162 loci.
206 3098 292 3181 quod
315 3099 344 3162 si
365 3098 482 3162 virtuti
503 3101 633 3161 rostrae
656 3095 788 3161 fortuna
806 3095 966 3178 inviderit,
990 3099 1099 3159 cavete
1118 3110 1152 3158 21

92 3185 189 3249 inulti
209 3186 351 3250 animam
370 3185 540 3268 amittatis,
558 3206 621 3248 neu
640 3184 728 3268 capti
745 3183 855 3267 potius
873 3183 969 3247 sicuti
982 3202 1100 3264 pecora

92 3272 307 3356 trucidemini,
331 3294 428 3355 quam
450 3273 594 3336 virorum
617 3294 706 3337 moro
728 3274 912 3355 pugnantes
932 3271 1099 3332 cruentam

92 3363 189 3443 atque
212 3361 396 3425 luctuosam
418 3359 589 3424 victoriam
612 3359 762 3424 hostibus
786 3353 997 3439 relinquatis?

157 3446 247 3512 Haec
270 3447 328 3511 ubi
349 3447 439 3530 dixit,
461 3447 629 3531 paululum
648 3447 854 3510 conmoratus
874 3443 967 3528 signa
986 3443 1152 3508 canere59

91 3532 184 3599 iubet
214 3539 312 3620 atque
335 3535 513 3599 instructos
537 3533 664 3598 ordines
688 3532 723 3596 in
749 3531 856 3596 locum
884 3551 1021 3614 aequom
1049 3532 1100 3594 de·
