2542 4192
157 278 223 342 124
489 275 517 332 (l
537 274 709 331 SALLUSTI
728 273 841 330 calam

155 423 292 507 imperio
315 423 416 507 eritis,
438 422 503 486 nisi
494 420 649 486 Vettius
673 419 846 484 Picenst
813 423 846 482 et
867 418 974 483 scriba
993 416 1165 482 Cornelius

155 511 261 575 aliena
282 511 364 575 benc
386 513 482 593 parta
512 509 733 610 prodegerint‚
763 507 828 572 nisi
856 505 1075 590 adprobaritis
1101 527 1166 570 om·

154 620 212 663 nes
235 596 538 682 proscriptionem
529 596 735 661 mnoxiorum
763 596 804 660 ob
829 594 972 677 divitias,
1001 593 1166 659 cruciatus

155 687 301 751 virorum
322 685 524 787 inlustrium,
551 688 679 749 vastam
706 685 821 748 urbem
842 682 922 766 fuga
945 686 978 746 et
1001 680 1166 767 caedibus,

155 774 242 838 bona
274 774 392 838 civium
424 773 617 837 miserorum
654 772 748 855 quasi
780 769 978 836 Cimbricam
1008 770 1166 871 praedam

104 874 136 924 18
155 883 273 927 venum
291 866 348 926 aut
334 862 451 926 tdono
469 861 589 925 datam.
621 864 656 925 at
641 859 782 925 tobiect
767 862 819 923 tat
841 858 923 922 mihi
939 857 1165 941 possessiones

156 972 195 1014 cx
217 950 312 1014 bonis
335 948 602 1034 proscriptorum.
635 948 721 1031 quod
745 946 875 1031 quidem
897 946 1057 1010 scelerum
1074 945 1165 1010 illius

155 1038 207 1102 vel
230 1060 417 1103 maxumum
440 1041 499 1121 est,
520 1058 588 1101 non
610 1057 660 1099 me
678 1057 784 1119 neque
804 1056 999 1118 quemquam
1018 1033 1166 1098 omnium

156 1126 237 1190 satis
269 1129 378 1191 tutum
409 1124 524 1208 fuisse,
556 1124 585 1188 si
616 1127 703 1188 recte
734 1122 923 1188 faceremus.
969 1125 1086 1205 atque
1097 1122 1165 1206 illa,

156 1236 238 1297 quae
261 1218 332 1279 tum
354 1212 527 1278 formidine
550 1215 712 1276 mercatus
736 1233 817 1295 sum,
840 1210 946 1295 pretio
966 1210 1104 1274 soluto
1094 1232 1166 1275 rure

156 1302 305 1366 dominus
320 1305 431 1365 tamen
443 1300 591 1384 restituo,
607 1321 711 1383 neque
724 1299 796 1383 pati
810 1297 983 1363 consilium
997 1301 1049 1362 est
1062 1298 1165 1362 ullam

104 1402 136 1451 19
156 1411 195 1454 ex
219 1389 343 1454 civibus
360 1389 515 1472 praedam
533 1410 612 1453 esse.
647 1387 729 1452 satis
746 1387 805 1451 illa
820 1385 949 1470 fuerint,
974 1407 1056 1469 quac
1074 1387 1165 1451 rabie

156 1480 323 1542 contracta
345 1477 565 1561 toleravimus,
588 1497 702 1540 manus
726 1473 924 1540 conserentis
946 1473 1033 1538 inter
1053 1495 1087 1538 se
1101 1473 1165 1539 Ro-

156 1587 270 1631 manos
293 1566 453 1631 exercitus
476 1569 510 1629 et
528 1587 619 1629 arma
633 1564 674 1628 ab
689 1563 830 1628 externis
853 1562 889 1625 in
905 1565 1036 1626 nosmet
1058 1584 1165 1627 versa

156 1654 314 1719 scelerum
337 1658 371 1718 et
393 1653 664 1718 contumeliarum
682 1650 828 1717 omnium
845 1649 919 1714 finis
939 1649 991 1714 sit.
1024 1671 1166 1732 quorum

156 1743 236 1806 adeo
261 1741 386 1806 Sullam
408 1762 475 1805 non
496 1741 655 1824 paenitet,
681 1743 720 1804 ut
745 1743 779 1803 et
802 1738 891 1803 facta
915 1737 951 1802 in
978 1738 1085 1823 gloria
1108 1761 1166 1802 nu·

156 1833 259 1894 meret
282 1833 324 1912 et,
347 1829 376 1892 si
397 1829 504 1911 liceat,
527 1828 651 1892 avidius
674 1826 797 1892 fecerit.

103 1929 137 1978 2ο
222 1914 336 1999 Neque
359 1916 435 1999 iam,
458 1915 535 1999 quid
558 1915 761 1979 existumetis
781 1915 819 1978 de
837 1914 905 1998 illo,
929 1915 985 1979 sed
1005 1918 1167 1998 quantum

156 2003 311 2089 audeatis,
334 2025 455 2088 vereor,
476 2026 518 2068 ne
537 2003 619 2068 alius
638 2003 739 2067 alium
756 2002 936 2086 principem
955 2006 1166 2085 expectantes

156 2096 231 2157 ante
255 2092 438 2176 capiamini,
460 2114 526 2156 non
549 2092 665 2176 opibus
688 2091 771 2175 eius,
795 2112 876 2174 quae
899 2089 1011 2154 fiutiles
1034 2094 1068 2154 et
1091 2112 1167 2155 con·

156 2185 271 2265 ruptae
295 2184 380 2265 sunt,
403 2180 461 2245 sed
477 2183 590 2245 vostra
608 2178 764 2263 socordia,
788 2201 852 2263 qua
869 2182 1001 2262 raptum
1018 2178 1066 2241 ire
1084 2178 1168 2244 lieet

103 2281 135 2330 21
156 2272 198 2351 et,
222 2290 320 2352 quam
343 2269 470 2351 audeas,
493 2271 562 2331 tam
580 2267 682 2331 videri
704 2266 840 2332 felicem.
872 2289 949 2331 nam
967 2269 1096 2350 praeter
1116 2289 1166 2331 sa-

155 2356 242 2421 tellit
228 2360 278 2420 tes
306 2355 548 2421 conmaculatos
577 2355 648 2439 quis
677 2355 788 2420 eadem
815 2355 885 2419 volt
912 2357 969 2419 aut
997 2354 1069 2438 quis
1096 2377 1167 2420 non

156 2443 266 2508 omnia
284 2445 411 2506 mutata
428 2445 559 2525 praeter
573 2442 768 2506 victoriam?
793 2443 918 2507 scilicet
936 2441 1022 2505 milit
1008 2445 1067 2525 tes,
1087 2464 1167 2526 quo-

155 2552 228 2595 rum
251 2529 408 2615 sanguine
431 2528 568 2594 Tarulae
592 2527 775 2614 Scirtoque,
802 2530 962 2613 pessumis
987 2551 1167 2632 servorum,

155 2618 248 2683 divit
223 2623 289 2683 trae
316 2640 376 2702 par
377 2620 430 2682 tae
458 2621 543 2682 sunt.
593 2639 635 2681 an
662 2617 779 2700 quibus
806 2618 1009 2719 praelatus
999 2639 1035 2681 m
1063 2619 1166 2704 magi-

173 2707 315 2772 tratibus
338 2706 505 2790 capiundis
528 2704 687 2788 Fufidius,
714 2705 832 2771 ancilla
854 2705 974 2789 turpis,
1000 2705 1166 2770 honorum

102 2729 171 2855 228
157 2795 302 2860 omnium
337 2756 730 2860 dehonestamentum‘lr
717 2793 828 2877 itaque
865 2815 1050 2858 maxumam
1081 2794 1167 2859 mihi

155 2883 308 2948 fiduciam
329 2883 419 2966 parit
440 2883 546 2947 victor
569 2881 738 2965 exercitus,
762 2881 814 2946 cui
831 2902 890 2964 per
908 2885 960 2945 tot
978 2882 1111 2946 volnera
1131 2886 1168 2946 et

102 2983 136 3032 23
155 2971 284 3035 labores
312 2970 396 3034 nihil
422 2973 553 3053 praeter
579 2973 755 3053 tyrannum
782 2969 965 3052 quaesitum
995 2972 1054 3034 est.
1098 2970 1167 3035 nisi

154 3059 241 3123 forte
272 3057 482 3122 tribuniciam
509 3061 708 3140 potestatem
738 3078 888 3122 evorsum
914 3056 1055 3140 profecti
1078 3063 1168 3142 sunt,

155 3169 214 3231 per
240 3167 331 3210 arma
358 3144 523 3211 conditam
546 3166 565 3208 a
588 3145 766 3210 maioribus
790 3145 871 3229 suis,
898 3145 1012 3228 utique
1035 3145 1107 3209 iura
1130 3150 1168 3210 et

154 3235 274 3300 iudicia
296 3233 429 3300 sibimet
442 3236 687 3317 extorquerent:
711 3233 843 3318 egregia
864 3232 990 3298 scilicet
1008 3233 1168 3318 mercede,

156 3345 229 3388 cum
251 3322 390 3407 relegati
411 3321 447 3386 in
469 3321 602 3405 paludes
626 3325 660 3386 et
683 3321 781 3386 silvas
810 3320 1041 3386 contumeliam
1065 3325 1167 3405 atque

154 3411 309 3476 invidiam
342 3433 447 3494 suam,
479 3409 623 3494 praemia
650 3431 747 3493 penes
779 3431 900 3493 paucos
927 3409 1167 3494 intellegerent.

101 3515 136 3564 24
155 3521 219 3584 qua
232 3521 267 3563 re
286 3500 390 3584 igitur
407 3502 502 3562 tanto
521 3498 650 3584 agmine
669 3502 766 3582 atque
786 3497 902 3562 animis
921 3496 1064 3561 incedit?
1088 3498 1169 3581 quia

155 3587 312 3653 secundae
340 3609 406 3653 res*
419 3586 501 3651 mire
530 3590 606 3652 sunt
628 3586 718 3651 vitiis
742 3585 906 3672 optentui,
936 3585 1054 3669 quibus
1077 3585 1169 3651 labe·
