2542 4192
225 419 248 479 2
554 413 583 472 Ο.
604 414 774 470 SALLUSTI
793 415 908 472 cnlsrl

225 582 304 646 pace
332 560 381 623 ita
407 563 446 623 ut
472 559 507 623 in
534 559 621 624 bello
648 563 784 645 valeret,
813 562 1013 645 aequabilius
1043 568 1139 646 atque
1163 586 1236 628 con·

227 647 368 714 stantius
393 669 463 712 sese
486 668 537 711 res
560 647 720 715 humanae
743 650 910 734 haberent,
932 672 1036 734 neque
1060 652 1147 715 aliud
1171 653 1236 715 alio

188 736 304 802 4ferri
331 758 436 836 neque
464 736 585 798 mutari
613 758 650 801 ac
674 736 803 802 misceri
827 739 936 803 omnia
959 761 1113 804 cerneres.
1159 762 1236 803 nam

146 850 148 852 ’
226 824 400 908 imperium
432 823 527 887 facile
556 823 602 886 eis
631 825 756 890 artibus
785 827 957 912 retinetur,
991 828 1149 911 quibus
1140 830 1202 892 mit
1204 829 1236 892 io

191 916 358 998 spartum
381 916 440 977 est.
485 933 598 976 verum
620 913 677 977 ubi
699 934 759 997 pro
782 915 894 979 labore
918 915 1053 1000 desidia,
1080 938 1139 1016 pro
1164 939 1237 981 con-

227 1001 366 1065 tinentia
394 1004 427 1064 et
455 999 619 1083 aequitate
646 1001 757 1065 lubido
786 1006 884 1085 atque
908 1004 1091 1103 superbia·
1082 1026 1237 1087 mvasere,

191 1090 360 1154 ofortuna
383 1088 480 1152 simul
504 1109 577 1151 cum
601 1089 776 1153 moribus
767 1095 873 1153 mmut
859 1093 957 1153 t.atur
997 1091 1073 1154 ita
1064 1092 1236 1175 rmperium

229 1198 356 1260 semper
387 1176 427 1240 ad
457 1179 627 1259 optumum
655 1198 814 1260 quemque
843 1200 862 1241 a
889 1178 996 1242 minus
1024 1179 1108 1242 bono
1133 1184 1237 1243 trans-

192 1266 340 1330 tfertur.
386 1285 468 1346 quae
494 1262 643 1328 homines
671 1269 765 1329 arant
791 1265 947 1351 navigant
969 1266 1153 1351 aedificant,
1175 1268 1237 1331 vir-

228 1353 293 1418 tuti
317 1351 426 1416 omnia
448 1354 572 1435 parent.

191 1452 209 1500 8
296 1438 357 1504 Sed
381 1439 475 1502 mult
451 1443 478 1502 ιι
496 1444 583 1503 mort
569 1441 661 1526 al,es
684 1441 785 1505 dedit'tr
803 1443 909 1506 ventri
928 1446 1025 1527 atque
1045 1465 1168 1527 somno,
1190 1445 1237 1507 in-

229 1529 316 1594 docti
290 1527 457 1593 tinoult
433 1532 522 1611 tique
550 1529 598 1592 vit
600 1552 653 1593 am
681 1529 778 1594 sicuti
800 1531 1009 1616 peregrinant
1010 1553 1043 1596 es
1067 1495 1237 1616 transiere3

229 1618 347 1718 quibus
383 1615 531 1700 profecto
569 1622 682 1682 contra
717 1623 870 1682 naturam
908 1641 1025 1704 corpus
1065 1621 1237 1772 voluptati,

229 1706 339 1770 anima
361 1704 452 1769 oneri
474 1704 551 1789 fuit3
524 1709 687 1770 beorum
697 1727 771 1854 tego
794 1707 843 1770 vit
844 1729 896 1769 am
919 1710 1156 1790 mortemque
1147 1714 1238 1772 ruxta

192 1797 390 1875 caestumo,
423 1754 576 1874 quoniain
608 1793 646 1856 de
673 1796 711 1855 ιιι
712 1815 812 1875 reque
841 1794 964 1857 siletur.
1013 1816 1125 1858 verum
1151 1797 1237 1860 enim

228 1902 305 1946 vero
324 1880 353 1943 is
377 1878 506 1942 demum
528 1878 609 1941 mihi
632 1880 738 1942 vivere
763 1884 859 1963 atque
882 1879 947 1943 frui
971 1881 1078 1944 anima
1101 1882 1237 1965 videtur,

230 1968 286 2052 qui
322 1965 431 2049 aliquo
462 1965 595 2050 negotio
627 1967 772 2030 intentus
804 1968 963 2050 praeclari
994 1968 1148 2033 facinoris
1181 1976 1238 2034 aut

230 2055 310 2121 artis
333 2055 438 2118 bonae
461 2053 582 2117 famam
606 2055 741 2137 quaerit.

298 2143 361 2208 Sed
387 2143 422 2206 in
450 2163 569 2227 magna
597 2143 690 2226 copia
714 2164 823 2208 rerum
847 2144 933 2208 aliud
957 2144 1012 2208 alii
1034 2149 1152 2210 natura
1174 2148 1238 2212 iter

188 2231 211 2295 3
231 2232 382 2299 ostendit.
417 2231 590 2315 pulchrum
609 2235 659 2295 est
676 2232 758 2296 bene
777 2232 882 2297 facere
901 2233 948 2296 rei
961 2233 1119 2317 publicae,
1139 2236 1238 2300 etiarn

230 2324 311 2387 bene
339 2320 444 2384 dicere
471 2320 559 2383 haud
586 2321 762 2384 absurdum
790 2325 853 2407 est3
883 2323 936 2385 vel
963 2345 1041 2406 pace
1069 2323 1120 2387 vel
1151 2325 1236 2388 bello

230 2411 354 2475 clarum
376 2408 448 2470 fieri
470 2407 562 2490 licet3
584 2411 618 2471 et
641 2409 697 2491 qui
719 2408 823 2472 fecere
851 2414 884 2473 et
911 2410 968 2492 qui
990 2409 1077 2475 facta
1100 2412 1238 2476 aliorum

194 2497 402 2579 ascripsere,
429 2495 525 2558 multi
548 2495 729 2558 laudantur.
775 2518 812 2559 ao
835 2496 916 2558 mihi
940 2497 1082 2581 quidem,
1106 2501 1239 2564 tametsi

229 2584 316 2649 haud
336 2603 498 2666 quaquam
516 2602 584 2665 par
594 2581 700 2665 gloria
716 2583 863 2664 sequitur
877 2583 1069 2665 scriptorem
1084 2589 1116 2649 et
1131 2592 1239 2651 aucto-

230 2695 300 2737 rem
322 2691 440 2754 rerum,
463 2673 574 2733 tamen
595 2669 631 2732 in
653 2669 767 2753 primis
791 2670 926 2734 arduum
949 2671 1076 2735 videtur
1098 2695 1149 2737 res
1169 2696 1238 2758 ges-

232 2767 284 2826 tas
319 2759 475 2824 scribere:
502 2758 643 2842 primum
676 2758 762 2841 quod
793 2758 881 2822 facta
847 2758 975 2823 tdict
976 2759 1004 2823 is
1033 2764 1239 2844 exaequanda

232 2853 322 2932 sunt3
294 2847 461 2912 bdehinc
485 2847 561 2930 quia
582 2845 729 2929 plerique
749 2868 830 2930 quae
849 2847 947 2911 delict
933 2851 968 2910 ta
985 2849 1239 2934 reprehenderis,

231 2899 454 3002 maliiolentia
484 2939 517 2998 et
548 2934 670 2998 invidia
696 2935 784 2998 dicta
810 2938 870 3018 put
872 2939 942 3019 ant,
915 2936 1031 2999 tubi
1058 2937 1097 3000 de
1120 2959 1239 3038 magna

230 3026 352 3090 virtute
372 3026 469 3106 atque
488 3023 594 3107 gloria
611 3022 771 3086 bonorum
790 2986 959 3123 memores,
978 3045 1058 3106 quae
1076 3026 1139 3088 sibi
1154 3027 1239 3109 quis-

232 3133 293 3196 que
316 3111 427 3174 facilia
448 3110 539 3173 factu
557 3113 661 3193 putat,
685 3131 787 3192 aequo
807 3110 915 3175 animo
935 3112 1062 3196 accipit,
1085 3135 1183 3197 supra
1202 3136 1239 3177 ea

231 3199 333 3265 veluti
306 3198 432 3263 tfieta
454 3219 513 3281 pro
537 3197 629 3261 falsis
653 3197 749 3262 ducit.

193 3304 212 3352 a
299 3285 362 3351 sed
380 3307 441 3371 ego
461 3286 719 3350 adulescentulus
737 3285 833 3351 initio
853 3286 950 3351 sicuti
967 3288 1112 3372 plerique
1132 3290 1239 3354 studio

232 3378 273 3442 ad
299 3397 368 3440 rem
395 3374 560 3458 publicam
587 3375 674 3438 latus
702 3397 788 3458 sum,
814 3375 924 3458 ibique
952 3376 1033 3439 mihi
1061 3378 1165 3441 multa
1188 3378 1240 3440 ad-

232 3487 329 3530 vorsa
354 3463 454 3528 fuere.
501 3484 578 3527 nam
605 3484 665 3545 pro
692 3463 828 3547 pudore,
854 3485 914 3547 pro
943 3464 1152 3549 abstinentia,
1179 3488 1239 3547 pro

195 3567 215 3615 4
232 3553 353 3617 virtute
373 3550 507 3616 audacia
528 3550 675 3637 largitio,
687 3551 825 3615 avaritia
846 3551 1009 3636 vigebant.
1055 3573 1136 3634 quae
1160 3556 1240 3615 tam-

233 3641 296 3704 etsi
325 3641 452 3704 animus
480 3639 715 3722 aspernabatur
744 3639 887 3702 insolens
920 3638 1079 3701 malarum
1111 3640 1240 3722 artium,

233 3731 343 3792 tamen
366 3728 452 3791 inter
475 3730 568 3791 tanta
590 3727 672 3792 vitia
691 3726 843 3791 inbecilla
862 3729 951 3790 aetas
971 3727 1149 3791 ambitione
1169 3750 1240 3792 con-
