2542 4192
112 262 163 316 XX
393 264 442 318 DE
461 263 489 319 Ο.
510 264 702 323 SALLUSTIO
722 263 847 318 CRISPO

113 428 181 468 oum
198 412 376 487 praesertim
398 414 494 472 lector
511 433 571 473 non
593 415 656 471 tore
679 413 800 472 sitnisi
824 413 969 490 eruditus,
992 415 1122 476 iudicem

111 517 183 556 rura
205 500 383 577 plerumque
406 501 439 558 iu
462 501 597 560 decurias
619 501 810 561 mittant...

179 622 221 680 to.
247 622 279 679 X
299 625 331 689 1,
355 624 551 701 oestroque,
581 627 617 683 ut
639 623 713 700 dixi,
736 642 834 700 nequa
856 624 912 683 illa
936 625 1122 686 Sallustiana

112 708 334 787 brevitasque
352 711 428 769 nihil
447 712 528 788 apud
550 715 637 771 aures
651 730 762 772 vacuas
786 715 877 788 atque
898 712 1031 772 eruditas
1053 719 1120 790 pot-

113 799 159 855 est
182 815 246 856 csse
268 799 440 876 perfectius,
464 800 545 876 apud
568 801 747 875 occupatum
769 800 861 859 variis
886 801 1120 880 cogitationibus

112 884 241 943 iudicem
264 890 295 944 et
318 887 438 963 saepius
461 887 646 946 ineruditum
669 887 817 961 captanda
840 886 926 946 nobis
950 891 997 948 est
1015 935 1021 947 .
1041 935 1075 949 ..
1151 959 1152 962 Ἴ

131 1093 154 1153 ,ἡ
172 1009 221 1154 ttd.
246 1008 331 1077 Χ1,
354 1010 416 1068 102
440 1009 541 1068 laudat
566 1010 651 1068 illam
673 1009 865 1068 inmortalem
889 1010 1015 1070 Sallusti
1037 1014 1119 1073 velo-

112 1112 139 1153 c1
155 1114 173 1153 a
188 1114 242 1154 em.

177 1217 262 1279 Stat.
284 1220 347 1279 sito.
360 1220 394 1295 ¹I
397 1219 424 1279 V
444 1222 478 1287 7,
505 1219 546 1278 55
573 1219 700 1279 Sallusti
726 1219 826 1280 brevis
848 1223 1017 1281 mentionem
1039 1225 1118 1297 facit.

177 1339 276 1402 Sidou.
297 1339 393 1416 Apoll.
417 1360 505 1401 eorm.
528 1345 551 1402 2
574 1342 660 1415 (22),
684 1346 757 1401 190.·

357 1448 419 1506 qua
441 1428 564 1506 Crispus
586 1430 735 1491 brevitate
757 1431 867 1507 placet.

176 1551 215 1610 id.
240 1568 328 1610 eorm.
351 1553 409 1621 23,
433 1554 491 1610 151
516 1551 581 1624 (20,
605 1553 694 1626 157).-

357 1640 411 1716 qui
432 1639 594 1718 brevitate,
618 1639 736 1718 Crispe,
759 1642 864 1717 polles

176 1757 264 1834 Aput.
288 1763 363 1835 apol.
386 1761 427 1820 95
448 1762 662 1839 parsimoniam
684 1754 805 1824 Sallusti
822 1766 985 1838 praedicat.

178 1879 249 1940 oete.
272 1883 336 1941 III
354 1885 382 1951 1,
407 1884 427 1943 6
450 1884 629 1945 Sallustium
655 1887 705 1947 vel
734 1886 965 1946 subtilissimum
986 1886 1118 1949 brevita-

79 2028 81 2032 ⁴
109 1968 149 2027 tis
172 1969 318 2029 artificem
341 1973 517 2045 appellatam
540 1992 559 2032 o
582 1975 731 2034 Favorino
753 1977 849 2048 refert.

113 2092 470 2170 amarae.-
565 2153 567 2159 ,
703 2163 705 2166 ,

110 2171 219 2260 (genus
242 2177 373 2263 dicendi)
396 2182 487 2244 breve
510 2184 540 2242 in
565 2204 624 2261 quo
649 2184 812 2244 Sallustius
835 2188 953 2263 regnat.

176 2306 252 2364 Tuo.
276 2324 343 2364 oon.
365 2306 430 2364 ΙΙΙ
449 2307 508 2365 30:

108 2435 115 2450 .
135 2435 142 2450 .
161 2390 193 2452 0.
208 2392 379 2469 Sallustius,
392 2411 494 2451 rerum
507 2394 711 2452 Romanarum
724 2394 953 2454 florentissimus
967 2400 1074 2456 auctor
1087 2442 1094 2455 .
1109 2442 1117 2456 .

175 2515 255 2575 Oros.
284 2516 353 2575 VII
371 2517 419 2580 10,
443 2517 477 2572 4.·

106 2602 166 2661 nisi
189 2601 378 2662 Cornelius
401 2603 563 2680 Tacitus,
591 2605 643 2680 qui
665 2604 742 2663 hano
765 2605 923 2665 historiam
946 2605 1116 2683 diligentis-

107 2690 180 2749 sime
212 2691 383 2769 contexuit,
415 2691 451 2749 dc
482 2692 634 2752 reticendo
666 2692 894 2752 interfectorum
924 2712 1049 2753 numero
1084 2698 1118 2753 et

107 2778 286 2838 Sallustium
304 2778 443 2856 Crispum
461 2782 492 2838 et
510 2780 585 2838 alios
604 2783 741 2839 auctores
765 2799 855 2857 quam
877 2781 1023 2857 plurimos
1047 2799 1115 2840 san·

105 2867 183 2946 xisso
206 2871 291 2927 etse
314 2868 414 2943 ipsum
435 2867 515 2926 idem
536 2868 727 2944 potissimum
751 2868 877 2945 elegisse
901 2868 1033 2928 dixisset.

172 2990 288 3048 Frorct.
313 3007 355 3062 ep.
378 2992 418 3049 od
439 2991 484 3048 M.
509 2987 590 3050 Ooes.
608 2988 660 3048 IV
686 2991 755 3063 312.
780 2993 821 3050 62
843 2991 937 3050 Nae..-

105 3076 218 3134 ..rari
249 3076 410 3136 admodum
441 3080 579 3137 veterum
610 3078 791 3154 scriptorum
822 3078 853 3136 in
881 3097 950 3136 eum
977 3078 1114 3137 laborem

104 3164 298 3240 studiumque
326 3167 357 3223 ct
386 3162 555 3241 periculum
577 3164 669 3225 verba
700 3165 914 3224 industriosius
947 3166 1113 3242 quaerendi

104 3270 168 3312 sesa
188 3252 370 3312 commisere.
416 3255 569 3312 oratorum
586 3255 656 3329 post
678 3253 813 3311 hominos
835 3256 923 3312 natos
946 3272 1025 3312 unus
1050 3249 1113 3312 om·

103 3341 187 3399 nium
209 3341 248 3399 M.
266 3340 391 3399 Porcius
415 3341 540 3417 eiusque
563 3341 704 3416 frequens
727 3343 860 3400 sectator
882 3339 913 3400 C.
933 3339 1113 3400 Sallustius:

102 3431 260 3503 poetarum
283 3429 410 3487 maximo
433 3428 642 3487 Plautus...

59 3581 61 3584 ⁴
168 3552 213 3612 id.
236 3552 275 3610 act
297 3552 342 3610 Μ.
365 3549 505 3612 Antonia.
528 3553 562 3611 de
585 3552 651 3625 etoq.
675 3551 747 3626 319.
770 3552 845 3610 149:
