2542 4192
198 231 241 296 26
531 229 558 283 C.
579 228 749 283 SALLUSTI
767 227 882 282 CRISPI

199 378 347 440 senatum
368 373 530 459 perducit,
562 374 704 457 reliquos
729 395 802 437 cum
825 373 1014 437 custodibus
1038 373 1073 438 in
1094 375 1210 441 aedem

162 478 178 526 6
199 463 395 529 Concordiae
418 462 527 526 venire
550 461 651 527 iubet.
696 483 733 525 eo
754 465 902 525 senatum
921 462 1058 525 advocat
1076 484 1209 548 magna-

198 573 259 634 que
286 550 471 634 frequentia
497 550 565 614 eius
594 549 715 614 ordinis
744 548 952 613 Volturcium
985 571 1058 613 cum
1087 551 1207 636 legatis

197 638 389 722 introducit,
415 637 569 702 Flaccum
590 641 776 721 praetorem
799 636 955 701 scrinium
978 659 1052 702 curn
1074 639 1207 723 litteris,

73 730 76 734 ’
143 726 185 790 47
198 748 277 810 quas
306 726 465 811 elegatis
489 729 671 809 acceperat,
699 726 812 789 eodem
835 724 960 789 adferre
984 724 1084 790 iubet.
1129 726 1208 792 Vol-

197 814 320 878 turcius
334 814 554 899 interrogatus
567 813 607 877 de
617 813 743 895 itinere,
757 812 796 876 de
807 812 827 875 li
832 813 937 895 tteris,
950 817 1117 896 postremo
1129 815 1208 898 quid

197 906 254 966 aut
277 924 341 985 qua
359 903 397 966 dc
417 924 514 966 causa
531 900 647 966 consili
664 900 842 983 habuisset,
864 901 971 982 primo
990 901 1112 986 fingere
1132 903 1208 987 alia,

196 990 400 1054 dissimulare
423 990 462 1053 de
485 988 721 1072 coniuratione;
744 992 821 1071 post
842 988 900 1052 ubi
922 988 985 1052 fide
1007 990 1139 1073 publiea
1162 991 1208 1055 di-

197 1099 268 1142 cere
282 1079 389 1142 iussus
405 1082 464 1161 est,
487 1077 604 1161 omnia,
622 1076 672 1141 uti
691 1079 785 1160 gesta
804 1080 906 1159 erant,
924 1077 1029 1159 aperit
1048 1077 1207 1161 docetque

196 1187 230 1229 se
257 1166 368 1249 paucis
397 1169 472 1229 6616
500 1163 612 1228 diebus
635 1187 655 1228 a
679 1162 824 1228 Gabinio
843 1168 876 1228 et
900 1162 1057 1247 Caepario
1081 1167 1208 1230 socium

196 1254 356 1318 adscitum
387 1252 470 1316 nihil
500 1251 638 1335 amplius
667 1251 749 1315 scire
778 1273 876 1334 quam
902 1253 1043 1337 legatos,
1076 1257 1207 1318 tantum
1244 1316 1248 1323 .

196 1340 292 1404 modo
320 1341 431 1404 audire
459 1340 593 1405 solitum
620 1362 660 1403 ex
688 1338 827 1404 Gabinio
856 1339 891 1403 P.
914 1339 1114 1405 Autronium
1138 1341 1207 1406 Ser.

198 1427 381 1492 SullamL.
405 1427 654 1513 Vargunteium,
676 1428 798 1491 multos
821 1432 990 1511 praeterea
1012 1429 1047 1492 in
1069 1450 1108 1492 ea
1133 1451 1207 1494 con-

161 1516 358 1581 aiuratione
390 1538 469 1582 esse.
522 1517 633 1580 cadem
666 1514 753 1579 Galli
784 1516 833 1579 fat
819 1519 930 1580 tentur
962 1538 1000 1581 ac
1030 1515 1208 1582 Lentulum

196 1604 456 1669 dissimulantem
484 1608 665 1689 coarguunt
687 1608 781 1687 praet
783 1625 817 1667 er
767 1603 881 1668 tlit
866 1607 969 1669 tteras
993 1586 1208 1692 sermonibus,

197 1714 278 1775 quos
301 1692 356 1755 1116
379 1692 499 1756 habere
528 1693 605 1756 solit
591 1696 644 1756 tus
672 1696 754 1755 erat:
782 1713 821 1756 ex
843 1691 937 1758 libris
962 1691 1056 1777 Sibyl
1056 1693 1168 1758 11616
1159 1716 1208 1759 re

196 1800 298 1863 gnum
315 1779 439 1842 Romae
462 1779 568 1843 tribus
588 1777 727 1844 Comel'
706 1800 746 1843 ns
764 1781 929 1865 portendi3
952 1780 1143 1847 Cinnamt
1108 1785 1143 1846 at
1144 1786 1208 1866 quc

198 1865 402 1930 Sullamt
346 1870 402 1930 ant
404 1888 454 1949 ea,
482 1888 516 1930 se
539 1866 675 1930 tertium
697 1888 781 1951 6666,
804 1867 856 1931 661
878 1868 950 1932 fatu
914 1873 984 1932 tum
1005 1867 1091 1933 foret
1113 1870 1208 1933 urbis

196 1954 310 2038 potiri3
336 1958 505 2038 praeterea
524 1955 593 2018 ab
585 1977 716 2019 mcenso
736 1954 900 2038 Capitolio
918 1956 1012 2019 illum
1030 1977 1100 2019 6666
1118 1957 1209 2042 vige-

197 2064 326 2107 sumum
354 2065 487 2127 annum,
515 2064 611 2126 quem
639 2064 735 2125 saepe
765 2065 804 2107 ex
830 2042 988 2127 prodigiis
1015 2043 1207 2127 haruspices

161 2131 440 2214 arespondissent
467 2130 553 2195 bello
582 2130 669 2195 civili
696 2135 810 2196 cruent
811 2152 866 2195 um
889 2130 967 2195 fore.
1012 2130 1114 2216 igitur
1135 2154 1208 2214 per-

196 2218 290 2284 lectis
322 2218 363 2282 lit
349 2219 457 2301 tteris,
495 2240 567 2283 cum
599 2219 690 2304 prius
724 2240 836 2283 omnes
870 2218 965 2304 signa
998 2241 1056 2283 sua
1091 2241 1128 2284 co
1175 2241 1208 2284 o·

196 2307 329 2388 cissent,
353 2310 483 2369 senatus
503 2307 656 2391 decernit,
674 2307 724 2371 uti
743 2306 894 2371 abdicato
912 2307 1109 2391 magistratu
1157 2329 1208 2372 en·

197 2393 285 2456 tulus
317 2393 460 2475 itemque
493 2394 594 2459 ceteri
624 2395 659 2458 in
691 2395 803 2459 liberis
832 2394 988 2458 custodiis
1015 2395 1206 2459 habeantur.

161 2496 178 2544 4
196 2480 306 2563 itaque
329 2478 487 2544 Lentulus
511 2481 546 2544 P.
569 2481 709 2547 Lentulo
729 2481 906 2565 Spintheri,
930 2481 1074 2565 quitum
1093 2483 1208 2546 aedilis

197 2572 276 2652 erat,
299 2566 462 2653 Cethegus
487 2568 726 2654 6666116616,
750 2569 901 2634 Statilius
925 2569 959 2635 C.
983 2568 1122 2654 Caesari,
1146 2568 1209 2634 Ga-

197 2656 304 2721 binius
328 2655 371 2720 M.
395 2655 527 2741 Crasso,
560 2657 736 2741 Caeparius
768 2656 857 2744 (nam
879 2657 908 2722 is
935 2658 1033 2741 paulo
1066 2661 1141 2721 ante
1169 2679 1209 2722 cx

196 2744 276 2830 fuga
302 2749 463 2810 retractus
492 2743 575 2832 erat)
600 2745 657 2811 Cn.
675 2746 827 2811 Terentio
855 2744 1000 2810 senatori
1027 2745 1209 2810 traduntur.

143 2833 186 2899 48
263 2833 393 2898 Interea
419 2834 512 2917 plebs
540 2835 762 2899 coniuratione
789 2832 968 2918 patefacta,
997 2855 1077 2917 quae
1100 2833 1208 2917 primo

198 2921 313 3002 cupida
344 2942 453 2985 rerum
479 2943 636 2986 novarum
663 2922 761 2986 nimis
789 2921 875 2986 bello
904 2922 1048 3005 favebat,
1080 2925 1209 2985 mutata

197 3011 305 3071 mente
334 3006 395 3072 Cat
396 3007 494 3071 111666
522 3010 658 3073 66661116
680 3009 835 3093 execrari,
864 2973 1051 3075 Ciceronem
1075 3010 1116 3072 ad
1139 3031 1209 3075 cac-

196 3095 264 3158 lum
288 3094 418 3159 tollere:
439 3095 543 3160 veluti
566 3119 605 3161 ex
628 3098 785 3162 servitute
804 3102 896 3180 erept
898 3119 917 3162 6
936 3097 1091 3183 gaudium
1109 3099 1208 3180 atque

163 3201 179 3248 2
198 3183 264 3248 166
251 3183 359 3247 titiam
386 3182 542 3268 agitabat.
587 3207 728 3285 namque
756 3186 821 3250 6116
847 3185 927 3249 belli
949 3184 1096 3250 facinora
1118 3206 1202 3269 prae

198 3274 257 3336 dae
280 3271 384 3357 magis
409 3293 507 3355 quam
525 3272 721 3337 detrimento
739 3272 820 3356 fore,
842 3272 1028 3338 incendium
1046 3294 1122 3338 vero
1140 3295 1210 3338 cru·

183 3360 267 3424 ¹dele
289 3360 530 3425 inmoderatum
552 3382 590 3425 66
612 3361 677 3425 sibi
699 3382 849 3425 maxume
872 3361 1099 3425 calamitosum
1116 3365 1210 3444 puta-

197 3447 263 3531 bat,
283 3449 401 3533 quippe
420 3450 472 3515 cui
491 3470 603 3514 omnes
623 3446 735 3531 copiae
753 3449 789 3513 in
806 3471 868 3512 usu
886 3449 1051 3513 cotidiano
1070 3453 1104 3513 et
1119 3449 1211 3514 cultu

197 3537 343 3619 corporis
368 3542 469 3600 erant.
