2542 4192
209 231 252 296 38
540 230 567 286 C.
588 228 754 284 SALLUSTI
773 227 888 283 CRISPI

209 375 378 462 pudiabat‚
410 375 500 440 euius
532 374 627 439 initio
661 373 701 436 ad
733 395 805 438 eum
838 393 974 457 magnae
1005 374 1116 456 copiae
1145 396 1221 439 eon-

211 465 398 546 eurrebant,
421 462 536 545 opibus
560 461 792 527 coniurationis
815 460 879 525 fret
865 466 931 543 t,us
955 461 1052 524 simul
1075 461 1220 526 alienum

210 552 277 616 suis
300 513 481 615 ratioiribus
505 550 702 614 existumans
726 549 827 613 videri
851 570 981 613 oausam
1005 549 1124 614 eivium
1143 572 1219 614 oum

210 639 311 704 servis
334 638 482 722 fugitivis
506 637 802 702 communicavisse.

157 725 198 790 57
277 725 340 791 Sed
352 730 526 809 postquam
540 725 575 789 in
589 728 696 789 eastra
704 725 838 789 nuntius
852 724 999 810 pervenit
1010 725 1133 790 Romae
1144 747 1219 790 eon·

209 814 404 879 iurationem
426 811 632 896 patefactam,
655 813 693 876 de
711 810 851 877 Lentulo
870 817 904 876 et
923 811 1068 898 Cethego
1087 813 1219 878 eeteris-

211 924 281 985 que,
301 923 381 985 quos
401 923 498 984 supra
516 900 701 984 memoravi,
720 900 914 984 supplicium
928 904 1103 985 sumptum,
1121 901 1218 984 pleri·

211 1012 281 1073 que,
296 1011 376 1072 quos
392 989 431 1052 ad
445 988 567 1052 bellum
581 1009 654 1071 spes
669 988 854 1070 rapinarum
869 991 925 1051 aut
938 1009 1096 1052 novarum
1107 1010 1218 1053 rerum

210 1077 353 1142 studium
362 1077 528 1159 inlexerat,
538 1076 738 1159 dilabuntur3
752 1075 894 1158 reliquos
905 1074 1046 1140 Catilina
1059 1098 1118 1159 per
1126 1099 1218 1141 mon·

209 1165 254 1230 tis
282 1186 413 1248 asperos
441 1163 567 1248 magnis
589 1162 760 1250 itineribus
783 1163 819 1227 in
846 1184 961 1248 agrum
983 1163 1218 1228 Pistoriensem

210 1252 341 1317 abducit
360 1274 397 1316 eo
417 1250 561 1333 oonsilio,
579 1251 629 1314 uti
647 1272 704 1335 per
722 1250 871 1314 tramites
891 1251 1015 1315 00011110
1029 1251 1217 1336 perfugeret

175 1341 244 1404 ain
268 1338 409 1403 Calliam
432 1338 685 1421 Transalpinam.
731 1343 766 1402 at
790 1338 826 1414 Q.
848 1338 1000 1402 Metellus
1025 1339 1117 1404 Celer
1142 1362 1217 1404 eum

210 1428 315 1492 tribus
334 1427 517 1512 legionibus
540 1426 575 1490 in
597 1447 676 1510 agro
696 1425 815 1491 Piceno
833 1426 1048 1510 praesidebat,
1071 1448 1110 1490 ex
1133 1426 1216 1491 diffi-

210 1517 331 1580 cultate
355 1537 462 1579 rerum
483 1515 595 1578 eadem
612 1514 669 1577 illa
688 1515 897 1598 existumans,
920 1536 1001 1598 quae
1021 1536 1120 1597 supra
1137 1513 1217 1578 dixi-

87 1626 101 1650 ·
175 1617 282 1668 emus
306 1601 481 1669 Catilinam
508 1602 640 1687 agitare.
684 1602 787 1688 igitur
813 1602 870 1665 ubi
896 1602 959 1666 iter
986 1602 1055 1666 eius
1083 1624 1122 1666 01
1145 1624 1217 1686 per·

209 1691 297 1775 fugis
330 1689 498 1774 cognovit,
534 1692 641 1753 eastra
671 1711 807 1772 propere
839 1689 942 1754 movit
974 1711 1011 1754 ae
1043 1689 1102 1754 sub
1133 1690 1216 1773 ipsis

210 1777 372 1842 radicibus
400 1776 560 1840 montium
587 1776 746 1860 consedit,
779 1798 842 1859 qua
868 1777 918 1841 illi
946 1777 1117 1842 descensus
1145 1781 1216 1842 0101

175 1865 245 1929 4111
269 1862 409 1927 Galliam
429 1863 625 1946 properanti.
670 1886 773 1948 neque
792 1868 902 1928 tamen
920 1863 1084 1929 Antonius
1101 1867 1216 1948 prooul

210 1953 336 2035 aberat,
364 1955 478 2035 utpote
507 1951 563 2033 qui
590 1972 707 2036 magno
736 1952 879 2016 exercitu
904 1953 984 2016 loeis
1008 1952 1215 2036 aequioribus

175 2039 376 2123 eexpeditos
398 2040 433 2102 in
455 2038 533 2124 fuga
557 2043 753 2122 sequeretur.
798 2040 853 2103 sed
877 2038 1018 2104 Catilina
1040 2044 1216 2125 postquam

209 2128 297 2193 videt
320 2127 486 2192 montibus
510 2130 607 2209 atque
631 2127 827 2211 eopiist
751 2127 827 2191 host
828 2127 896 2191 ium
915 2149 984 2192 sese
1004 2127 1159 2210 clausum,
1181 2128 1217 2192 in

209 2217 288 2280 urbe
312 2237 363 2279 res
387 2216 552 2296 adversas,
574 2236 678 2297 neque
705 2215 802 2300 fugae
824 2236 928 2297 neque
951 2215 1092 2298 praesidi
1114 2179 1216 2280 ullam

210 2324 310 2386 spem,
334 2306 390 2385 opt
391 2325 503 2365 umum
525 2302 592 2365 1001
578 2306 614 2365 tu
637 2303 786 2366 ratusin
808 2302 868 2366 tali
890 2324 924 2366 re
948 2301 1015 2366 1011
1001 2306 1114 2367 tunam
1136 2303 1216 2368 belli

209 2392 383 2471 temptare,
416 2392 482 2452 stat
448 2388 533 2452 auit
564 2411 638 2453 eum
669 2389 737 2452 Ant
723 2390 813 2454 tonio
846 2411 943 2472 quam
973 2390 1115 2473 primum
1144 2413 1216 2455 eon-

176 2476 330 2561 ofligere.
375 2476 485 2558 itaque
514 2475 662 2539 contione
691 2477 826 2542 advocat
827 2499 847 2540 a
812 2477 1007 2541 thuiusee
1034 2477 1123 2543 modi
1146 2500 1216 2543 ora-

210 2563 333 2628 tionem
355 2563 483 2627 habuit:
540 2567 543 2570 ’

157 2648 199 2713 58
276 2650 487 2735 ‘Conpertum
505 2671 566 2736 ego
584 2651 698 2736 habeo,
716 2653 846 2737 milites,
863 2653 962 2717 verba
980 2652 1136 2718 virtutem
1149 2675 1217 2719 nou

210 2741 339 2824 addere,
365 2761 469 2823 neque
497 2761 535 2803 ex
562 2739 680 2824 ignavo
708 2745 875 2805 strenuum
901 2762 1005 2823 neque
1032 2740 1152 2805 fortem
1176 2764 1216 2805 01

175 2827 325 2892 2111111110
353 2827 529 2892 exereitum
557 2827 702 2910 oratione
729 2827 935 2911 imperatoris
962 2827 1042 2892 fieri.
1092 2832 1216 2911 quanta

210 2915 364 2997 cuiusque
379 2915 487 2978 animo
501 2914 705 2979 audaeiat
648 2919 705 2978 nat
706 2937 765 2979 1110
779 2919 836 2979 aut
850 2915 994 2979 moribus
1009 2915 1103 2999 inest,
1121 2920 1216 2980 tenta

210 3001 244 3065 in
265 3002 352 3066 bello
357 3005 487 3152 'patere
510 3001 602 3064 solet.
649 3023 744 3084 quem
766 3023 869 3085 neque
888 3002 993 3088 gloria
1006 3024 1114 3103 neque
1132 3003 1215 3087 peri-

211 3088 283 3152 oula
297 3088 425 3152 exeitan
426 3088 664 3172 tn,equiquam
677 3089 821 3153 hortere:
844 3089 943 3153 timor
962 3090 1063 3154 animi
1081 3091 1214 3155 auribus

175 3190 191 3238 3
211 3175 322 3242 0111011.
346 3176 401 3240 sed
419 3197 480 3261 ego
499 3197 566 3258 vos,
589 3198 652 3259 quo
670 3199 774 3260 pauea
792 3198 965 3276 monerem,
988 3177 1201 3262 advocavi,
1173 3200 1216 3241 01-

209 3264 277 3328 mul
302 3264 352 3328 uti
375 3285 505 3328 oausam
528 3263 591 3326 mei
614 3264 729 3327 00110111
751 3264 918 3347 aperirem

174 3365 191 3413 4
277 3350 356 3417 Scit
332 3356 375 3416 110
382 3351 548 3502 tequidem,
567 3351 697 3434 milites,
716 3351 912 3416 socordiaat
898 3356 975 3434 tque
989 3352 1120 3437 ignavia
1133 3351 1215 3417 Len-

209 3413 271 3503 tuli
295 3442 395 3522 quant
398 3461 450 3502 am
471 3437 536 3522 ipsi
559 3439 717 3521 nobisque
742 3439 942 3503 elademtt
892 3461 911 3502 a
912 3439 1054 3521 ttulerit,
1087 3461 1215 3523 quoque

210 3527 315 3611 modo,
334 3527 410 3590 dum
429 3547 468 3589 01
486 3526 564 3590 urbe
582 3525 743 3609 praesidia
762 3526 920 3611 opperior,
938 3527 973 3591 in
988 3525 1128 3591 Calliam
1141 3550 1216 3611 pro·

63 3868 204 3970 ἢ
