2542 4192
211 263 261 319 EX
275 260 455 317 HISTORIIS
470 261 525 318 ΟΒ.
541 260 665 318 MAcRI.
684 261 736 316 ΕΡ.
751 259 996 315 MITHRIDATIS.
1053 259 1118 324 135

154 402 293 490 'Itaque
325 407 498 470 verborum
532 405 612 469 satis
646 404 767 470 dictum
801 408 865 488 est,
895 427 999 488 neque
1032 405 1117 469 enim
1136 417 1170 467 25

106 495 296 580 ignorantia
319 517 370 558 res
394 493 523 558 claudit.
569 514 681 557 verum
704 492 873 576 occupavit
898 493 1008 558 nescio
1036 514 1117 576 quae
1136 506 1171 556 aa

108 606 166 648 vos
192 582 338 666 torped0,
362 604 425 665 qua
446 603 513 645 non
535 580 641 665 gloria
662 580 837 644 movemini
858 602 963 664 neque
981 580 1117 665 flagitio,

108 675 291 754 cunctaque
314 669 478 753 praesenti
500 668 632 753 ignavia
654 668 849 752 mutavistis,
873 669 998 733 abunde
1022 668 1118 732 liber-

108 763 213 823 tatem
244 757 322 842 rati,
355 757 431 841 quia
461 757 564 841 tergis
598 756 781 820 abstinetur
813 760 845 820 et
871 756 935 822 huc
966 757 1013 821 ire
1040 757 1118 821 licet

108 850 208 930 atque
235 845 327 930 illuc,
359 866 493 909 munera
515 843 632 909 ditium
659 844 871 908 dominorum.
918 848 1015 928 atque
1037 846 1117 909 haec
1136 858 1170 909 2⁷

108 928 221 999 'eadem
239 955 306 998 non
324 936 401 996 sunt
419 932 613 1018 agrestibus,
635 932 691 996 sed
710 932 886 996 caeduntur
903 932 989 996 inter
1005 938 1118 1017 poten-

108 1023 193 1087 tium
215 1021 405 1085 inimicitias
434 1021 581 1104 donoque
609 1021 727 1085 dantur
753 1019 788 1083 in
810 1019 993 1103 provincias
1017 1021 1118 1106 magi-

108 1109 277 1176 stratibus.
327 1108 375 1172 ita
406 1112 571 1194 pugnatur
603 1112 636 1172 et
666 1107 808 1173 vincitur
838 1108 964 1192 paucis:
996 1109 1117 1192 plebes,
1136 1122 1171 1171 28

108 1198 333 1281 quodcumque
358 1196 489 1280 accidit,
520 1218 579 1280 pro
603 1196 698 1260 victis
722 1199 772 1260 est
799 1199 833 1259 et
859 1196 895 1260 in
921 1196 988 1261 dies
1011 1196 1117 1281 magis

107 1286 181 1369 erit,
205 1285 233 1349 si
253 1284 382 1367 quidem
401 1284 523 1349 maiore
542 1305 619 1348 cura
637 1283 892 1349 dominationem
911 1285 962 1348 illi
979 1285 1118 1349 retinue

107 1374 184 1457 rint,
208 1394 306 1456 quam
328 1393 386 1437 vos
409 1371 626 1455 repetiveritis
649 1371 856 1436 libertatem?

385 1672 569 1749 [aerarum
591 1673 843 1765 nrrnsmnrrs]

175 1896 257 1963 ‘Rex
274 1897 482 1962 Mithridates
501 1897 571 1982 regi
589 1897 706 1962 Arsaci
724 1898 872 1963 salutern.
909 1897 1038 1982 Omnes,
1062 1898 1118 1983 qui
1138 1914 1153 1962 1

108 1987 256 2052 secundis
271 1988 368 2050 rebus
384 1985 450 2049 suis
465 1985 505 2049 ad
519 1985 598 2049 belli
613 1985 802 2050 societatem
817 1991 960 2069 orantur,
977 1986 1118 2050 conside·

107 2097 180 2139 rare
195 2075 322 2158 debent,
340 2073 479 2138 liceatne
493 2076 564 2136 tum
578 2094 691 2155 pacem
706 2093 810 2157 agere,
829 2073 910 2156 dein,
926 2074 1011 2156 quod
1026 2095 1119 2156 quae·

108 2163 202 2245 situr,
221 2160 343 2226 satisne
361 2161 452 2244 pium
471 2163 588 2243 tutum,
607 2161 787 2244 gloriosum
808 2182 850 2224 an
863 2160 1050 2224 indecorum
1065 2161 1118 2225 sit.

108 2250 173 2314 tibi
192 2249 221 2313 si
237 2253 395 2334 perpetua
407 2270 487 2332 pace
500 2247 566 2312 frui
584 2248 670 2332 licet,
687 2247 752 2312 nisi
765 2248 877 2312 hostes
892 2248 1067 2331 opportuni
1086 2252 1119 2313 et
1138 2264 1153 2313 a

108 2337 355 2422 scelestissumi,
382 2336 514 2422 egregia
541 2335 641 2420 fama,
665 2335 694 2399 si
721 2335 886 2400 Romanos
910 2336 1119 2421 obpresseris,

107 2426 220 2489 futura
243 2427 302 2510 est,
324 2447 428 2509 neque
451 2428 561 2509 petere
580 2423 715 2488 audeam
734 2423 924 2489 societatem
945 2427 978 2489 et
996 2423 1119 2489 frustra

108 2513 195 2577 mala
209 2534 281 2576 inea
295 2535 368 2578 curn
381 2512 477 2578 bonis
491 2512 557 2576 tuis
572 2512 702 2577 misceri
716 2534 851 2595 sperem.
870 2516 967 2596 atque
977 2535 1023 2599 ea,
1036 2536 1117 2597 quae
1137 2530 1153 2578 3

107 2605 141 2664 te
156 2601 276 2667 morari
294 2623 390 2684 posse
403 2601 562 2685 videntur,
581 2601 631 2664 ira
649 2601 684 2664 in
697 2599 872 2685 Tigranem
885 2601 1024 2666 recentis
1038 2602 1118 2665 belli

108 2692 142 2752 et
161 2710 250 2752 meae
269 2710 320 2752 res
339 2710 455 2771 parum
471 2710 654 2773 prosperae,
674 2688 702 2752 si
716 2710 792 2752 vera
806 2686 1000 2752 existumare
1019 2688 1118 2774 solea,

107 2798 257 2840 maxume
280 2775 507 2840 hortabuntur.
552 2775 608 2840 ille
631 2776 717 2840 enim
745 2776 903 2840 obnoxius
927 2776 1056 2860 qualem
1078 2779 1152 2841 tul

107 2864 197 2928 voles
226 2863 417 2927 societatem
444 2862 595 2947 accipiet3
622 2863 703 2928 mihi
725 2863 857 2928 fortuna
884 2864 997 2928 multis
1020 2865 1117 2929 rebus

108 2951 229 3034 ereptis
252 2973 348 3015 usum
371 2950 459 3015 dedIt
481 2951 563 3016 bene
582 2951 738 3016 suadendi
756 2955 798 3037 et,
822 2952 908 3035 quod
925 2951 1117 3018 florentibus

108 3039 252 3122 optabile
267 3041 330 3139 est,
354 3060 414 3124 ego
433 3060 500 3104 non
518 3038 747 3106 validissumus
765 3040 905 3124 praebeo
924 3041 1117 3126 exemplum,

107 3129 323 3297 quoliaiiddirb
339 3130 596 3280 lildmcaiiiiodririi
617 3215 806 3282 nationibus
829 3217 959 3300 populis
982 3216 1114 3300 regibus
1134 3232 1151 3282 5

106 3301 233 3368 cunctis
261 3324 326 3366 una
353 3307 386 3367 et
414 3325 451 3367 ea
477 3306 571 3369 vetus
604 3326 701 3369 causa
732 3304 875 3368 bellandi
906 3307 969 3388 est,
1002 3304 1117 3387 cupido

106 3389 268 3473 profunda
290 3390 407 3474 imperi
430 3395 463 3455 et
486 3391 681 3456 divitiarum.
725 3414 790 3476 qua
811 3391 917 3475 primo
941 3413 1015 3455 curn
1038 3412 1115 3476 rege

106 3475 320 3542 Macedonum
342 3477 495 3563 Philippo
528 3479 650 3544 bellum
682 3500 862 3564 sumpsere,
894 3479 971 3543 dum
998 3501 1018 3543 a
1041 3477 1151 3546 car-e

106 3565 367 3651 thaginiensibus
389 3567 629 3652 premebantur,
652 3567 832 3632 amicitiam
851 3566 1050 3633 simulantes.
1085 3568 1117 3633 ei
