2542 4192
292 238 440 294 naccon
459 238 650 295 0111111111
669 256 692 295 0.
713 246 825 295 13-17.
1046 244 1067 309 9

58 406 158 468 quam
186 384 271 468 quod
299 384 449 467 cuiquam
472 384 505 447 id
529 387 719 466 conpertum
746 384 845 469 foret,
871 385 952 451 haec
979 386 1069 452 fama

58 472 198 539 valebat.
314 509 315 512 =

126 559 196 624 Iam
228 559 369 642 primum
402 560 589 624 adulescens
622 559 764 625 Catilina
795 562 899 626 multa
928 561 1121 637 nefandam

58 653 174 733 stupra
187 647 317 731 fecerat,
332 669 405 712 oum
415 647 540 732 virgine
549 647 662 732 nobili,
677 670 750 712 cum
760 650 926 715 sacerdote
936 650 1066 737 Vestae,

58 737 125 801 alia
142 736 275 800 huiusce
294 735 383 800 modi
402 736 584 800 contraius
602 735 726 819 fasque.
766 741 932 821 postremo
952 743 1066 823 captus
1085 751 1103 798 a

57 847 169 890 amore
192 822 343 887 Aureliae
364 821 547 907 Orestillae,
570 823 661 888 cuius
680 828 809 907 praeter
826 825 965 890 formam
983 827 1066 891 nihil

56 934 213 995 umquam
231 912 336 975 bonus
354 911 508 996 laudavit,
527 912 613 995 quod
632 933 670 975 ea
687 913 808 976 nubere
827 913 876 977 illi
893 915 1067 979 dubitabat

57 1001 177 1064 timens
197 999 383 1083 privignum
402 1000 513 1063 adulta
532 1002 648 1083 aetate,
668 1021 727 1083 pro
747 1003 835 1065 certo
855 1002 997 1066 creditur
1014 1025 1067 1067 ne·

58 1092 132 1152 cato
170 1086 239 1151 filio
274 1108 408 1151 vacuam
440 1087 572 1151 domum
604 1087 750 1152 scelestis
781 1089 905 1171 nuptiis
942 1088 1066 1154 fecisse.

58 1197 140 1259 quac
165 1175 295 1259 quidem
317 1197 369 1240 res
392 1174 473 1239 milri
496 1175 531 1239 in
552 1175 667 1259 primis
690 1175 818 1240 videtur
846 1198 944 1241 causa
966 1176 1066 1241 fuisse
1085 1192 1103 1240 3

57 1263 184 1328 facinus
212 1263 405 1327 maturandi.
449 1284 590 1347 namque
613 1263 740 1327 animus
763 1264 912 1349 inpurus,
939 1264 988 1328 dis
1011 1265 1104 1329 1104

58 1351 265 1435 minibusque
288 1350 426 1415 infestus
449 1373 554 1434 neque
572 1351 695 1436 vigiliis
713 1372 817 1434 neque
837 1352 1001 1436 quietibus
1020 1375 1067 1418 se

57 1440 128 1504 dari
146 1442 289 1522 poterat:
308 1438 357 1502 ita
375 1439 573 1503 conscientia
592 1443 735 1504 mentem
754 1439 893 1504 excitam
906 1441 1066 1505 vastabat.

55 1528 161 1612 igitur
184 1526 273 1591 color
295 1526 326 1591 ei
344 1527 510 1610 exanguis,
532 1526 619 1591 foedi
638 1526 732 1611 oculi,
751 1526 835 1591 citus
855 1528 950 1592 modo
970 1529 1065 1593 modo
1085 1541 1104 1591 5

56 1616 170 1679 tardus
201 1615 361 1680 incessus:
393 1636 527 1698 prorsus
558 1615 594 1678 in
624 1613 706 1678 facie
734 1614 890 1698 voltuque
917 1616 1067 1681 vecordia

55 1703 171 1768 inerat.

125 1789 188 1856 Sed
205 1791 417 1874 iuventutem,
436 1813 542 1875 quam,
559 1794 597 1854 ut
616 1812 714 1873 supra
733 1790 880 1874 diximus,
898 1791 1064 1875 inlexerat,
1078 1796 1122 1860 16

56 1879 170 1943 multis
198 1878 302 1943 modis
331 1880 419 1942 mala
441 1878 585 1943 facinora
609 1878 773 1944 edocebat.
819 1901 858 1942 ex
880 1881 947 1944 illis
970 1881 1065 1945 testis
1084 1894 1101 1941 a

57 1967 305 2052 signatoresque
328 1966 429 2031 falsos
453 1967 672 2051 commodare3
694 1967 791 2030 fidem
813 1967 961 2031 fortunas
985 1968 1067 2050 peri-

56 2054 131 2119 cula
158 2055 235 2118 vilia
261 2054 395 2138 habere,
423 2056 500 2137 post
525 2054 583 2118 ubi
610 2075 722 2118 eorum
744 2053 866 2117 famam
890 2058 987 2138 atque
1010 2077 1066 2136 pu-

56 2143 169 2207 dorem
201 2143 392 2226 adtriverat,
424 2141 549 2205 maiora
581 2141 645 2205 alia
672 2141 862 2225 imperabat.
913 2141 942 2204 si
969 2156 1104 2205 causas

55 2228 210 2315 peccandi
237 2230 271 2292 in
293 2251 447 2312 praesens
471 2229 578 2292 minus
602 2228 810 2312 subpetebat,
832 2228 935 2292 nihilo
959 2229 1065 2293 minus

56 2317 197 2383 insontis
225 2317 322 2382 sicuti
351 2317 455 2382 sontis
484 2317 715 2382 circumvenire
741 2316 900 2402 iugulare:
933 2317 1066 2401 scilicet,

55 2426 96 2469 nc
114 2426 173 2488 per
191 2405 295 2470 otium
314 2408 535 2489 torpescerent
554 2427 668 2470 manus
688 2408 744 2469 aut
763 2405 899 2490 animus,
920 2406 1065 2491 gratuito

55 2494 167 2577 potius
191 2494 295 2558 malus
320 2497 417 2576 atque
441 2494 579 2559 crudelis
604 2497 683 2558 erat.

122 2580 181 2645 Eis
205 2581 318 2646 amicis
342 2581 502 2664 sociisque
527 2581 666 2646 confisus
686 2580 837 2666 Catilina,
861 2581 958 2646 simul
980 2582 1104 2665 quode

56 2688 112 2733 aes
145 2669 286 2734 alienum
318 2691 376 2752 per
407 2671 519 2734 omnis'
545 2674 649 2734 terras
677 2669 792 2754 ingens
820 2672 891 2732 erat
919 2672 952 2732 et
980 2670 1066 2751 quod

55 2756 202 2840 plerique
222 2752 348 2822 Sullani
367 2758 498 2841 milites,
520 2757 644 2842 largius
666 2777 725 2820 suo
743 2755 804 2839 usi,
828 2755 1014 2838 rapinarum
1033 2760 1066 2820 et

56 2844 212 2909 victoriae
240 2847 359 2910 veteris
387 2867 547 2911 memores
580 2844 672 2909 civile
705 2843 827 2907 bellum
858 2842 1066 2927 exoptabant,

56 2931 290 3016 obprimundae
317 2934 365 2998 rei
391 2934 541 3017 publicae
569 2932 741 2998 consilium
770 2931 863 3016 oepit.
908 2931 943 2995 in
968 2930 1098 2999 Italiae

54 3019 165 3084 nullus
202 3021 375 3107 exercitus,
411 3021 469 3088 Cu.
497 3020 671 3104 Pompeius
708 3020 743 3084 in
778 3019 931 3084 extremis
968 3020 1064 3084 terris

57 3105 180 3171 bellum
201 3109 351 3193 gerebat;
377 3110 441 3193 ipsi
465 3108 671 3174 consulatum
693 3109 817 3192 petenti
840 3129 959 3192 magna
982 3128 1065 3192 spes,

10 3198 189 3291 [senatus
216 3192 299 3260 nibil
327 3218 404 3261 sane
426 3197 588 3261 intentus:
616 3200 707 3261 tutae
730 3196 990 3279 tranquillaeque
1013 3215 1064 3258 res

17 3286 178 3366 ''⁴0mnes,
202 3284 258 3348 sed
281 3305 319 3347 ea
341 3305 474 3367 prorsus
499 3288 682 3367 opportuna
705 3282 874 3350 Catilinae.

122 3369 230 3456 Igitur
249 3371 379 3436 circiter
396 3372 551 3436 kalendas
570 3371 680 3436 lunias
699 3370 735 3435 L.
755 3371 890 3436 Caesare
909 3372 943 3432 et
961 3367 995 3433 C.
1014 3367 1066 3433 Fi·
1078 3371 1120 3435 17

55 3457 134 3542 gulo
154 3458 341 3523 consulibus
359 3460 466 3543 primo
486 3460 633 3544 singulos
653 3459 823 3543 appellare,
841 3456 968 3520 hortari
982 3456 1064 3521 alios

55 3545 139 3611 alios
163 3550 339 3632 temptare3
369 3568 446 3630 opes
474 3569 563 3629 suas,
590 3548 772 3656 inparatam
800 3567 869 3610 rem
891 3543 1066 3630 publicam,
