2542 4192
212 327 275 394 128
537 325 566 382 G.
585 325 755 382 SALLUSTI
773 324 889 382 ORISPI

210 494 321 558 regem
341 493 446 556 neque
468 471 502 536 di
524 473 658 555 penates
682 470 786 536 civem
809 471 987 556 patiuntur
1020 493 1133 573 perge
1158 495 1222 559 qua

213 584 291 644 coep
294 565 354 644 t,ae
376 565 414 624 ut
438 582 534 644 quam
557 563 758 623 maturrume
780 559 930 624 merita
920 559 1075 625 muenias.

161 665 192 713 ιι
278 647 422 713 Voet
366 652 422 713 aut
424 669 475 711 ern
475 650 612 732 ,patres
632 648 816 731 conscripti,
840 669 903 731 quo
921 651 1220 732 usquecunetando

211 736 458 819 rempublicam
480 735 623 799 intutam
640 735 810 819 patiemini
834 739 868 799 et
880 736 989 800 verbis
1009 758 1100 801 arma
1117 741 1221 822 temp-

212 824 349 888 tabitis‘?
381 824 478 888 dilect
464 828 517 889 tus
550 820 723 888 advorsum
753 845 812 888 vos
838 823 958 907 habiti,
985 826 1141 908 pecuniae
1164 850 1221 910 pu-

212 911 296 977 blice
318 916 357 977 et
383 911 537 995 privatim
569 915 729 996 extortae,
760 911 921 995 praesidia
949 875 1090 979 deducta
1122 919 1219 998 atque

212 1001 355 1083 inposita
358 1052 367 1085 ,
399 1022 438 1064 ex
464 999 644 1065 lubidinel
645 1020 721 1085 eges
744 1000 945 1083 imperantur
905 1022 957 1084 ur,
987 1023 1061 1066 eum
1088 1002 1220 1066 interim

212 1110 270 1153 vos
292 1089 420 1174 legatos
444 1092 477 1152 et
500 1089 628 1153 decreta
649 1087 782 1171 paratis.
815 1092 936 1171 quanto
956 1090 1137 1155 mehercule
1156 1091 1221 1155 ari·

213 1176 284 1241 dius
307 1198 420 1260 pacem
442 1175 617 1259 petieritis,
645 1178 738 1239 tanto
766 1176 890 1240 bellum
913 1177 1018 1241 acrius
1042 1178 1118 1262 erit,
1147 1201 1221 1242 cum

214 1265 385 1350 intelleget
412 1285 446 1328 se
474 1267 564 1328 metu
590 1263 696 1348 magis
725 1284 821 1346 quam
849 1284 951 1347 aequo
979 1269 1012 1329 et
1037 1265 1124 1330 bono
1152 1288 1222 1330 sus-

163 1367 194 1417 18
214 1356 385 1417 tentatum.
430 1351 586 1434 namqui
612 1351 726 1414 turbas
754 1354 787 1414 et
811 1351 941 1416 caedem
968 1352 1085 1417 civium
1113 1354 1221 1417 odisse

215 1441 261 1504 ait
284 1444 317 1505 et
337 1441 378 1505 ob
397 1439 432 1503 id
449 1442 576 1503 armato
599 1437 721 1522 Lepido
744 1460 803 1503 vos
825 1438 968 1504 inermos
986 1440 1114 1524 retinet,
1138 1462 1221 1524 quae

214 1528 310 1593 victis
333 1528 503 1592 toleranda
525 1531 614 1612 sunt,
647 1549 685 1591 ea
708 1549 782 1591 curn
805 1525 910 1592 facere
937 1528 1086 1611 possitis,
1118 1529 1222 1612 patia-

216 1616 296 1680 mini
318 1616 428 1700 potius
453 1619 571 1680 censet.
616 1615 664 1679 ita
686 1614 737 1678 illi
760 1636 779 1678 a
801 1615 894 1679 vobis
917 1637 1039 1700 pacem,
1062 1616 1155 1680 vobis
1180 1618 1221 1681 ab

164 1719 196 1768 19
215 1705 273 1769 illo
296 1704 428 1769 bellum>
441 1704 563 1768 suadet.
598 1703 679 1767 haec
702 1702 731 1768 ei
752 1703 896 1786 placent,
919 1703 948 1767 si
970 1707 1064 1768 tanta
1085 1706 1222 1788 torpedo

216 1793 341 1857 animos
365 1791 537 1874 obpressit,
559 1793 597 1854 ut
620 1789 715 1854 obliti
740 1790 897 1855 scelerum
920 1789 1050 1875 Cinnae,
1073 1793 1165 1857 cuius
1188 1793 1222 1858 in

215 1881 329 1945 urbem
347 1879 455 1943 reditu
473 1879 569 1943 decus
589 1877 711 1942 ordinis
729 1878 826 1942 huius
839 1878 974 1962 interiit,
991 1879 1094 1944 nihilo
1114 1881 1222 1946 minus

215 1989 274 2031 vos
297 1969 395 2050 atque
414 1966 567 2051 coniuges
591 1970 625 2028 et
646 1965 766 2029 liberos
784 1964 906 2049 Lepido
924 1966 1114 2066 permissuri
1138 1969 1224 2053 sitia,

217 2055 294 2140 quid
322 2076 403 2138 opus
431 2053 581 2138 decretis,
610 2053 688 2137 quid
715 2053 835 2117 auxilio
858 2051 988 2118 Catuli?
1034 2053 1113 2137 quin
1135 2055 1164 2119 is
1191 2020 1225 2120 οι

163 2160 198 2208 20
217 2143 273 2209 alii
290 2143 398 2208 boni
387 2165 456 2207 rem
474 2142 638 2225 publicam
656 2140 779 2205 frustra
797 2145 920 2206 curant
952 2141 1048 2226 agite
1070 2165 1092 2206 u
1093 2143 1225 2228 tlubct,

215 2236 329 2317 parate
347 2231 439 2296 vobis
456 2230 647 2315 cethegit
613 2252 632 2294 a
649 2251 710 2313 que
729 2229 793 2293 alia
811 2229 1014 2312 proditorum
1033 2231 1225 2316 patrocinia,

217 2321 273 2405 qui
295 2320 425 2403 rapinas
449 2322 483 2382 et
504 2317 653 2383 incendia
680 2318 864 2381 instaurare
892 2318 1028 2402 cupiunt
1055 2323 1088 2382 et
1110 2341 1224 2384 rursus

217 2410 390 2473 advorsum
423 2407 500 2470 deos
527 2405 655 2490 penatis
685 2427 800 2469 manus
830 2427 965 2470 armare.
1010 2407 1062 2470 sin
1087 2406 1224 2472 libertas

218 2500 251 2560 et
282 2516 358 2560 vera
390 2493 495 2579 magis
527 2494 672 2576 placent,
704 2493 866 2557 decernite
898 2494 997 2579 digna
1027 2494 1158 2559 nomine
1191 2499 1225 2560 et

165 2600 197 2648 ιι
217 2586 334 2668 augete
356 2581 524 2666 ingenium
543 2581 621 2645 viris
639 2580 706 2645 fort
692 2581 789 2646 t.ibus
822 2581 913 2646 adest
899 2585 1034 2646 tnovos
1054 2583 1225 2668 exercitus,

218 2673 259 2736 ad
285 2671 348 2735 hoc
379 2668 524 2734 coloniae
555 2673 702 2735 veterum
732 2669 888 2752 militum,
919 2668 1075 2733 nobilitas
1109 2671 1226 2750 omnis,

218 2761 314 2825 duces
347 2757 487 2842 optumi:
518 2758 650 2823 fortuna
681 2757 831 2822 meliores
859 2757 1124 2841 aequitaniam
1157 2759 1225 2846 illa,

219 2870 300 2933 quae
324 2847 473 2912 socordia
494 2850 609 2912 nostra
631 2846 777 2911 conlecta
799 2848 885 2930 eunt,
861 2845 1052 2910 tdilabent
1038 2849 1098 2910 tur.

165 2951 199 3000 ιι
285 2936 356 3012 Qua
375 2957 409 2999 re
432 2935 480 2999 ita
503 2956 627 3018 censeo,
650 2934 803 3018 quoniam
825 2933 873 2998 M.
882 2931 1023 3017 Lepidus
1047 2934 1226 2999 exereitum

217 3025 345 3108 privato
311 3023 509 3088 tconsilio
537 2986 689 3106 paratum
721 3044 794 3087 cunr
823 3021 984 3104 pessumis
1012 3025 1045 3084 et
1071 3022 1224 3089 hostibus

218 3111 428 3194 reipublicae
443 3114 556 3175 contra
569 3111 665 3175 huius
680 3109 802 3175 ordinis
816 3130 876 3173 auo
878 3109 1045 3173 toritatem
1060 3109 1101 3172 ad
1109 3111 1225 3175 urbem

218 3199 321 3282 ducit,
348 3199 398 3263 uti
421 3196 482 3281 Ap.
506 3196 659 3263 Claudius
685 3199 829 3263 interrex
856 3218 930 3260 cum
958 3195 994 3271 Q.
1019 3194 1135 3262 Catulo
1164 3221 1224 3282 pro

219 3288 349 3353 consule
377 3290 410 3351 et
434 3287 562 3371 ceteris,
595 3287 711 3370 quibus
739 3284 912 3368 imperium
938 3287 1002 3367 est,
1033 3285 1107 3349 urbi
1134 3308 1225 3369 prae·

219 3376 301 3440 sidio
325 3376 392 3441 sint
415 3397 609 3459 operamque
632 3375 718 3458 dent,
739 3395 780 3437 ne
804 3372 881 3456 quid
904 3394 956 3436 res
979 3373 1110 3455 publica
1128 3374 1226 3439 detri-

219 3465 320 3529 menti
344 3462 472 3552 capiat?
