2542 4192
334 909 371 983 0.
401 909 628 982 SALLUSTI
656 909 807 983 CRISPI

266 1073 508 1158 BELLUM
541 1070 871 1158 CATILINAE.

131 1241 245 1306 Omnis
268 1241 426 1324 homines,
450 1241 504 1324 qui
529 1263 599 1305 sese
618 1241 751 1306 sbudenl
768 1247 935 1325 praestare
955 1242 1071 1307 ceteris
1093 1245 1112 1309 1

64 1330 273 1414 animalibus,
301 1351 427 1393 summa
456 1351 516 1412 ope
538 1329 600 1393 niti
624 1330 724 1412 decet,
750 1351 791 1393 ne
813 1330 916 1394 vibam
940 1330 1071 1394 silentio

64 1421 235 1482 transeant
251 1417 350 1481 velubi
363 1439 491 1500 peoora,
511 1439 591 1500 quae
605 1419 723 1480 natura
736 1439 840 1500 prona
855 1421 952 1501 abque
967 1418 1073 1482 ventri

64 1505 271 1571 oboedientia
292 1505 394 1568 finxit.
440 1505 497 1568 sed
518 1509 632 1569 nostra
655 1505 760 1568 omnis
783 1505 832 1569 vis
856 1505 891 1569 in
912 1505 1020 1570 animo
1040 1509 1109 1572 eta

65 1616 199 1677 corpore
223 1593 287 1657 sita
310 1596 373 1677 est3
396 1593 495 1656 animi
519 1592 664 1676 imperio,
687 1593 832 1676 eorporis
853 1593 987 1658 servilio
1008 1616 1073 1658 ma·

65 1683 117 1768 gis
140 1682 275 1766 ulimur3
298 1681 438 1747 alterum
460 1681 555 1745 nobis
579 1703 652 1745 oum
676 1681 738 1765 dis,
762 1682 902 1747 alterum
924 1705 998 1746 oum
1020 1683 1074 1747 be·

65 1771 128 1834 luis
159 1790 328 1835 commune
356 1773 416 1834 est.
466 1791 529 1852 quo
558 1768 638 1832 mihi
664 1770 785 1835 rectius
812 1771 941 1835 videtur
963 1770 1109 1855 ingenie

66 1881 164 1941 quam
196 1858 314 1922 virium
346 1858 462 1940 opibus
492 1856 631 1941 gloriam
659 1878 812 1939 quaerere
841 1862 887 1941 el,
920 1859 1073 1941 quoniam

65 1947 134 2010 vila
161 1946 233 2029 ipsa
261 1966 325 2028 qua
352 1944 491 2008 fruimur
518 1945 625 2009 brevis
654 1949 717 2028 est,
750 1946 941 2009 memoriam
967 1946 1074 2009 nostri

66 2056 165 2117 quam
196 2055 345 2097 maxume
372 2034 503 2118 longam
531 2032 665 2096 efficere.
716 2054 793 2096 nam
821 2032 1010 2096 diviliarum
1041 2036 1111 2100 etr

66 2123 191 2186 formae
223 2120 328 2205 gloria
359 2121 446 2184 fluxa
474 2125 571 2203 alque
600 2119 728 2204 fragilis
760 2124 824 2204 esd,
855 2120 961 2184 virbus
988 2120 1076 2184 clara

68 2215 264 2291 aeternaque
286 2208 433 2272 habetur.

136 2296 199 2361 Sed
216 2296 271 2360 diu
289 2318 443 2382 magnum
461 2297 547 2361 inber
565 2296 713 2361 mortalis
733 2301 897 2362 cerlamen
910 2297 983 2382 fuit,
1001 2297 1075 2362 vine
1094 2317 1110 2366 5

68 2386 212 2469 corporis
240 2407 282 2448 an
309 2386 429 2449 virtute
458 2384 558 2448 animi
584 2407 635 2449 ras
661 2385 813 2450 militaris
838 2386 942 2470 magis
965 2408 1075 2469 proee-

68 2475 166 2538 dereb.
215 2495 292 2536 nam
320 2477 353 2537 eb
379 2473 469 2556 prius
498 2495 596 2556 quam
622 2473 758 2557 incipias
786 2474 935 2539 eonsulbo
963 2477 996 2537 et
1018 2475 1110 2542 ubiss

68 2561 268 2626 consulueris
292 2565 417 2625 mature
439 2561 527 2625 faulo
552 2583 632 2644 opus
656 2566 714 2624 est.
759 2562 808 2625 ila
825 2565 998 2643 utrumque
1016 2583 1075 2644 per
1095 2582 1110 2628 ⁷

68 2672 103 2714 se
122 2649 270 2733 indigens
290 2649 429 2712 alterum
448 2650 582 2713 alberius
602 2649 721 2712 auxilio
740 2653 823 2733 eget.
858 2648 960 2732 igilur
979 2648 1074 2713 initio
1094 2653 1115 2717 2

69 2759 161 2822 reges
190 2737 280 2822 (nam
306 2737 341 2800 in
368 2738 464 2802 bernis
491 2759 610 2801 nomen
637 2735 754 2819 imperi
777 2736 810 2798 id
833 2737 974 2820 primum
997 2733 1074 2823 fuit)

69 2826 191 2889 divorsi
217 2847 292 2908 pars
316 2825 495 2910 ingenium,
523 2825 579 2888 alii
603 2846 719 2908 eorpus
743 2825 947 2889 exercebant:
975 2825 1076 2889 eliam

69 2918 140 2976 tum
172 2914 240 2977 vila
270 2913 439 2977 hominum
472 2913 540 2978 sine
573 2911 750 2996 eupiditate
783 2912 984 2999 agitabatur3
1017 2936 1076 2977 sua
1145 2943 1146 2947 ¹

69 3002 184 3084 cuique
218 3001 298 3066 salis
330 3002 511 3085 placebant.
560 3005 675 3085 postea
702 3023 777 3064 vero
806 3023 904 3084 quam
933 3002 968 3065 in
995 3001 1112 3066 Asiaa

69 3088 183 3172 Cyrus,
201 3089 236 3152 in
251 3087 386 3154 Graecia
400 3088 646 3154 Lacedaemonii
665 3093 698 3152 eb
711 3088 927 3153 Athenienses
942 3111 1075 3170 coepere

69 3177 160 3240 urbis
189 3180 286 3259 alque
313 3178 462 3242 nationes
490 3178 654 3262 subigere,
680 3177 858 3240 lubidinem
891 3175 1077 3239 dominandi

69 3286 201 3329 oausam
228 3265 306 3328 belli
333 3265 466 3350 habere,
494 3287 679 3330 maxumam
706 3265 844 3350 gloriam
867 3263 901 3326 in
924 3284 1075 3327 maxumo

68 3353 206 3437 imperio
233 3357 362 3438 putare,
390 3358 460 3418 tum
487 3354 616 3419 demum
643 3353 785 3437 periculo
814 3355 911 3433 abque
933 3351 1076 3436 negotiis

69 3446 261 3524 conpertum
293 3445 344 3507 est
375 3442 410 3506 in
440 3443 527 3506 bello
560 3443 746 3526 plurumum
777 3439 945 3524 ingenium
972 3462 1076 3523 posse.

70 3530 157 3612 quod
189 3530 216 3594 si
248 3551 363 3615 regum
390 3534 488 3614 atque
518 3530 752 3614 imperatorum
779 3527 879 3592 animi
906 3527 1010 3592 virtus
1043 3528 1113 3592 ina

123 3640 286 3684 Sennurrrus.
904 3638 918 3686 l
