2542 4192
191 250 233 314 68
517 245 545 300 C.
566 243 737 300 SALLUSTI
757 243 872 300 CRISPI

190 393 337 458 Bestiam
364 412 438 455 cum
467 389 503 465 Q.
530 387 674 454 Minucio
703 388 790 453 Rufo
824 389 1030 453 consulatum
1058 390 1207 475 gerebat,

190 479 376 564 persuadet,
409 477 562 561 quoniam
593 499 632 541 ex
664 477 766 560 stirpe
793 475 987 541 Masinissae
1016 477 1060 543 sit
1088 477 1206 564 Iugur·

191 569 346 650 thamque
370 565 411 630 ob
431 565 553 630 scelera
575 564 697 629 invidia
716 586 789 629 cum
808 569 899 630 metu
916 569 1042 650 urgeat,
1065 587 1205 650 regnum

155 655 363 720 sNumidiae
391 653 431 717 ab
459 657 573 718 senatu
600 657 657 736 pet
643 656 701 716 t.at
751 653 864 718 avidus
893 653 1006 718 consul
1038 654 1118 718 belli
1150 676 1205 740 ge·

190 743 285 807 nmdi
316 763 444 807 movere
478 762 576 823 quam
608 762 773 805 senescere
802 741 912 804 omnia
939 740 1091 806 malebat.
1136 742 1204 827 ipsi

155 848 172 897 ι
190 831 357 916 prouincia
374 829 539 913 Numidia,
556 826 699 892 Minucio
718 827 909 893 Macedonia
927 835 1087 894 evenerat.
1120 852 1204 931 quae

190 923 365 1003 postquam
387 915 532 982 Massiva
557 916 682 1001 agitare
706 917 813 999 coepit
835 938 940 1000 neque
963 917 1081 1002 Iugurt
1066 917 1178 983 thae
1168 941 1204 982 1n

192 1007 304 1072 amicis
319 1006 399 1071 satis
413 1004 554 1090 praesidi
571 1009 629 1087 est,
649 1005 734 1087 quod
749 1026 861 1069 eorum
882 1004 983 1069 alium
1002 1005 1205 1072 conscientia

192 1095 291 1159 alium
314 1095 400 1158 mala
423 1093 510 1157 fama
532 1096 566 1157 et
584 1092 684 1156 timor
701 1091 896 1177 inpediebat,
919 1091 1105 1178 Bomilcari,
1128 1115 1204 1178 pro·

190 1205 288 1247 xumo
303 1206 341 1248 ac
354 1203 503 1246 maxume
519 1180 583 1243 fido
603 1180 675 1262 sibi,
688 1180 837 1264 imperat,
850 1181 967 1265 preti0,
986 1181 1082 1245 sicuti
1097 1183 1205 1247 multa

192 1271 387 1353 confecerat,
420 1268 626 1333 insidiatores
659 1265 820 1332 Massivae
851 1272 945 1352 paret
978 1291 1015 1333 ac
1051 1291 1203 1334 maxume

192 1358 332 1440 occulte,
359 1358 411 1422 sin
436 1357 471 1420 id
497 1378 613 1439 parum
635 1356 801 1440 procedat,
830 1356 944 1439 quovis
968 1357 1064 1420 modo
1088 1357 1204 1422 Numi-

157 1446 266 1511 sdam
289 1445 472 1510 interficiat
508 1444 673 1508 Bomilcar
695 1448 764 1508 mat
765 1466 821 1508 ure
845 1444 932 1528 regis
956 1444 1109 1509 mandata
1132 1467 1204 1510 exe-

193 1535 352 1618 quiture
354 1539 457 1618 tper
488 1532 683 1597 hominest
685 1532 746 1597 alis
773 1532 886 1616 negoti
859 1533 1111 1597 tartificesit
1083 1533 1205 1597 ltinera

193 1644 406 1708 egressusque
425 1621 503 1704 eius,
525 1623 601 1704 post
603 1641 691 1684 remo
710 1620 836 1685 locat
801 1624 836 1683 at
838 1642 900 1703 que
918 1624 1068 1703 tempora
1085 1625 1205 1686 cuncta

192 1711 348 1794 explorat.
326 1708 520 1790 tdeinde,
550 1707 607 1771 ubi
630 1729 680 1771 res
703 1711 780 1807 post
766 1708 907 1792 t,ulabat
929 1708 1064 1772 insidias
1087 1709 1204 1774 tendit.

158 1815 174 1862 o
193 1798 295 1882 igitur
313 1818 396 1860 unus
415 1817 455 1858 ex
473 1816 510 1859 eo
529 1816 672 1876 numere,
692 1795 747 1876 qui
767 1795 807 1859 ad
826 1759 956 1861 caedem
973 1800 1069 1880 parat
1069 1796 1081 1858 i
1100 1801 1204 1881 erant,

191 1884 289 1969 paulo
321 1882 494 1949 inconsult
471 1887 537 1946 1111
566 1846 743 1946 Massivam
774 1884 924 1968 aggredit
925 1906 971 1948 ur.
1021 1883 1116 1948 illum
1147 1885 1204 1949 ob·

192 1975 333 2056 truncat,
309 1971 438 2036 t'sed
429 1992 499 2054 1pse
518 1970 735 2053 deprehensus
754 1971 867 2036 multis
885 1971 1094 2037 hortantibus
1113 1972 1178 2037 et
1168 1995 1205 2036 11

158 2061 306 2144 tprimis
334 2059 454 2124 Albino
483 2058 614 2123 consule
641 2057 796 2122 indicium
825 2060 1006 2160 profitetur.
1057 2060 1096 2123 fit
1127 2081 1203 2125 reus

192 2150 297 2234 magis
325 2170 365 2213 ex
392 2169 493 2231 aequo
517 2147 666 2247 bonoqpe
693 2168 791 2230 quam
814 2169 853 2210 ex
876 2147 946 2212 iure
969 2147 1117 2232 gentium
1139 2147 1203 2212 Bo-

187 2237 318 2320 milcar,
346 2257 452 2300 comes
476 2235 559 2318 1111,
582 2235 637 2317 qui
659 2233 799 2298 Romam
821 2235 884 2299 fide
907 2235 1058 2335 publica,
1060 2238 1202 2300 venerat.

157 2341 173 2389 8
192 2328 228 2388 at
249 2324 411 2407 Iugurtha
433 2322 586 2386 manifest
572 2325 625 2386 tus
648 2323 734 2385 tanti
760 2323 890 2387 sceleris
917 2345 983 2388 non
1009 2323 1100 2408 prius
1124 2323 1203 2388 omi-

192 2412 237 2475 sit
264 2414 378 2474 contra
400 2431 512 2473 verum
534 2409 610 2492 1111,
635 2430 732 2491 quam
755 2410 957 2474 animadvort
943 2411 986 2474 tit
1010 2432 1108 2511 supra
1128 2431 1203 2562 gra-

157 2517 173 2565 9
192 2499 274 2563 tiam
292 2501 389 2580 atque
407 2497 577 2597 pecuniam
596 2517 688 2560 suam
706 2496 862 2561 invidiam
880 2497 961 2563 facti
980 2519 1058 2563 esse
1089 2498 1153 2584 igit
1154 2521 1202 2582 ur,

193 2607 388 2670 quamquam
413 2585 448 2648 in
468 2584 577 2668 priore
601 2584 728 2649 actione
756 2606 795 2648 ex
824 2585 936 2651 amicis
965 2586 1203 2672 quinquaginta

192 2675 288 2739 vades
321 2674 452 2738 dederat
458 2693 602 2757 ,regno
640 2672 744 2757 magis
783 2695 880 2756 quam
917 2673 1052 2738 vadibus
1089 2695 1202 2738 consu-

190 2763 261 2826 lens
285 2762 400 2828 clam
391 2785 426 2826 m
447 2760 637 2825 Numidiam
655 2760 872 2826 Bomilcarem
898 2761 993 2826 dimit
993 2762 1046 2845 tit,
1068 2762 1202 2844 veritus,

190 2873 231 2914 11
253 2851 396 2934 reliquos
419 2844 586 2933 popularis
610 2871 661 2912 me
663 2852 716 2913 tus
740 2848 907 2914 invaderet
923 2812 1058 3002 pharendi
1076 2849 1150 2932 sibi,
1173 2849 1203 2913 si

192 2937 230 3000 de
261 2938 319 3001 illo
352 2937 548 3020 supplicium
580 2941 746 3036 sumptum
775 2936 937 3002 forete
920 2938 1057 3022 eitpse
1088 2936 1201 3020 paucis

192 3024 304 3088 diebus
328 3024 440 3090 eodem
462 3023 589 3107 profect
589 3047 627 3089 us
651 3024 742 3108 111,
733 3045 841 3089 111111
862 3046 882 3089 1
900 3029 993 3090 11111
993 3049 1016 3089 1
979 3024 1133 3089 1111111
1152 3024 1202 3088 de·

141 3129 172 3178 10
192 3113 313 3178 cedere.
350 3112 406 3176 sed
423 3115 599 3196 postquam
617 3111 723 3176 Roma
741 3134 890 3197 egressus
909 3117 969 3196 est,
988 3113 1092 3177 fertur
1106 3133 1201 3196 saepe

191 3223 229 3266 eo
253 3200 373 3265 tacitus
392 3200 567 3284 respiciens
585 3203 752 3282 postremo
772 3200 891 3265 dixisse
911 3200 1037 3265 ‘urbem
1055 3199 1202 3265 venalem

191 3294 225 3354 11
247 3293 374 3354 mature
396 3288 584 3372 perituram,
608 3287 636 3352 si
659 3293 840 3370 emptorem
861 3287 1042 3353 invenerit?

138 3378 181 3442 36
257 3376 394 3442 Interim
416 3377 556 3441 Albinus
577 3379 732 3440 renovato
751 3376 838 3440 bello
858 3380 1063 3441 conmeatum
1082 3376 1202 3459 stipen-

192 3464 281 3528 dium
304 3466 445 3549 aliaque,
469 3485 550 3548 quae
573 3463 733 3528 militibus
756 3464 830 3529 usui
853 3463 974 3547 forent,
999 3467 1145 3528 maturat
1168 3464 1201 3527 in

190 3551 337 3617 Africam
363 3558 510 3638 portare,
537 3573 574 3616 ac
602 3552 716 3616 statim
742 3551 815 3636 ipse
841 3551 1022 3636 profectus,
1051 3552 1103 3620 uti
1126 3555 1203 3616 ante
