<?xml version="1.0" encoding="UTF-8"?>
<!DOCTYPE html PUBLIC "-//W3C//DTD XHTML 1.0 Transitional//EN"
    "http://www.w3.org/TR/xhtml1/DTD/xhtml1-transitional.dtd">
<html xmlns="http://www.w3.org/1999/xhtml" xml:lang="en" lang="en">
 <head>
  <title>
</title>
<meta http-equiv="Content-Type" content="text/html;charset=utf-8" />
  <meta name='ocr-system' content='tesseract 3.04.00' />
  <meta name='ocr-capabilities' content='ocr_page ocr_carea ocr_par ocr_line ocrx_word'/>
</head>
<body>
  <div class='ocr_page' id='page_1' title='image "./catilinajugurth00sallgoog_0035.png"; bbox 0 0 2542 4192; ppageno 0'>
   <div class='ocr_carea' id='block_1_1' title="bbox 222 283 903 356">
    <p class='ocr_par' dir='ltr' id='par_1_1' title="bbox 222 283 903 356">
     <span class='ocr_line' id='line_1_1' title="bbox 222 283 903 356; baseline -0.012 -10"><span class='ocrx_word' id='word_1_1' title='bbox 222 294 242 356; x_wconf 89' lang='grc'><strong>6</strong></span> <span class='ocrx_word' id='word_1_2' title='bbox 552 288 580 343; x_wconf 83' lang='lat' dir='ltr'>C</span> <span class='ocrx_word' id='word_1_3' title='bbox 601 286 771 342; x_wconf 80' lang='lat' dir='ltr'><strong>SALLUSTI</strong></span> <span class='ocrx_word' id='word_1_4' title='bbox 789 283 903 340; x_wconf 78' lang='lat' dir='ltr'>CRISPI</span> 
     </span>
    </p>
   </div>
   <div class='ocr_carea' id='block_1_2' title="bbox 173 431 1234 3680">
    <p class='ocr_par' dir='ltr' id='par_1_2' title="bbox 186 431 1231 694">
     <span class='ocr_line' id='line_1_2' title="bbox 186 431 1231 520; baseline -0.006 -19"><span class='ocrx_word' id='word_1_5' title='bbox 186 452 202 501; x_wconf 76' lang='lat' dir='ltr'><strong>a</strong></span> <span class='ocrx_word' id='word_1_6' title='bbox 222 457 328 520; x_wconf 77' lang='lat' dir='ltr'><strong>iurgia</strong></span> <span class='ocrx_word' id='word_1_7' title='bbox 351 433 527 498; x_wconf 81' lang='lat' dir='ltr'><strong>discordias</strong></span> <span class='ocrx_word' id='word_1_8' title='bbox 552 432 701 496; x_wconf 87' lang='lat' dir='ltr'><strong>simultat</strong></span> <span class='ocrx_word' id='word_1_9' title='bbox 651 436 736 496; x_wconf 89' lang='lat' dir='ltr'><strong>ttes</strong></span> <span class='ocrx_word' id='word_1_10' title='bbox 761 454 835 496; x_wconf 89' lang='lat' dir='ltr'><strong>cum</strong></span> <span class='ocrx_word' id='word_1_11' title='bbox 860 432 1010 496; x_wconf 88' lang='lat' dir='ltr'><strong>hostibus</strong></span> <span class='ocrx_word' id='word_1_12' title='bbox 1030 431 1231 514; x_wconf 71' lang='lat' dir='ltr'><strong>exercebant,</strong></span> 
     </span>
     <span class='ocr_line' id='line_1_3' title="bbox 223 483 1231 603; baseline -0.006 -15"><span class='ocrx_word' id='word_1_13' title='bbox 223 523 308 589; x_wconf 82' lang='lat' dir='ltr'><strong>cives</strong></span> <span class='ocrx_word' id='word_1_14' title='bbox 333 545 405 587; x_wconf 88' lang='lat' dir='ltr'><strong>cum</strong></span> <span class='ocrx_word' id='word_1_15' title='bbox 429 521 553 586; x_wconf 82' lang='lat' dir='ltr'><strong>civibus</strong></span> <span class='ocrx_word' id='word_1_16' title='bbox 577 521 615 584; x_wconf 91' lang='lat' dir='ltr'><strong>de</strong></span> <span class='ocrx_word' id='word_1_17' title='bbox 638 520 725 584; x_wconf 89' lang='lat' dir='ltr'><strong>virtu</strong></span> <span class='ocrx_word' id='word_1_18' title='bbox 726 524 758 583; x_wconf 91' lang='lat' dir='ltr'><strong>te</strong></span> <span class='ocrx_word' id='word_1_19' title='bbox 726 520 959 585; x_wconf 82' lang='lat' dir='ltr'><strong>tteertaban</strong></span> <span class='ocrx_word' id='word_1_20' title='bbox 1004 520 1039 584; x_wconf 92' lang='lat' dir='ltr'><strong>in</strong></span> <span class='ocrx_word' id='word_1_21' title='bbox 1063 483 1231 603; x_wconf 81' lang='lat' dir='ltr'><strong>suppliciis</strong></span> 
     </span>
     <span class='ocr_line' id='line_1_4' title="bbox 223 607 1231 694; baseline -0.004 -19"><span class='ocrx_word' id='word_1_22' title='bbox 223 613 356 675; x_wconf 89' lang='lat' dir='ltr'><strong>deorum</strong></span> <span class='ocrx_word' id='word_1_23' title='bbox 379 608 552 694; x_wconf 85' lang='lat' dir='ltr'><strong>magnifici,</strong></span> <span class='ocrx_word' id='word_1_24' title='bbox 576 608 665 672; x_wconf 91' lang='lat' dir='ltr'><strong>domi</strong></span> <span class='ocrx_word' id='word_1_25' title='bbox 686 607 785 691; x_wconf 90' lang='lat' dir='ltr'><strong>parci,</strong></span> <span class='ocrx_word' id='word_1_26' title='bbox 808 608 843 671; x_wconf 92' lang='lat' dir='ltr'><strong>in</strong></span> <span class='ocrx_word' id='word_1_27' title='bbox 861 608 981 672; x_wconf 85' lang='lat' dir='ltr'><strong>amicos</strong></span> <span class='ocrx_word' id='word_1_28' title='bbox 1000 607 1110 672; x_wconf 89' lang='lat' dir='ltr'><strong>fideles</strong></span> <span class='ocrx_word' id='word_1_29' title='bbox 1130 611 1231 671; x_wconf 92' lang='lat' dir='ltr'><strong>erant.</strong></span> 
     </span>
    </p>

    <p class='ocr_par' dir='ltr' id='par_1_3' title="bbox 188 695 1231 779">
     <span class='ocr_line' id='line_1_5' title="bbox 188 695 1231 779; baseline -0.005 -16"><span class='ocrx_word' id='word_1_30' title='bbox 188 715 204 762; x_wconf 84' lang='lat'><strong>3</strong></span> <span class='ocrx_word' id='word_1_31' title='bbox 224 699 347 763; x_wconf 92' lang='lat' dir='ltr'><strong>duabus</strong></span> <span class='ocrx_word' id='word_1_32' title='bbox 370 698 422 761; x_wconf 91' lang='lat' dir='ltr'><strong>his</strong></span> <span class='ocrx_word' id='word_1_33' title='bbox 445 719 480 760; x_wconf 92' lang='lat' dir='ltr'><strong>ar</strong></span> <span class='ocrx_word' id='word_1_34' title='bbox 481 696 579 779; x_wconf 91' lang='lat' dir='ltr'><strong>tibus,</strong></span> <span class='ocrx_word' id='word_1_35' title='bbox 603 695 762 759; x_wconf 91' lang='lat' dir='ltr'><strong>audacia&#39;</strong></span> <span class='ocrx_word' id='word_1_36' title='bbox 753 717 788 758; x_wconf 90' lang='grc' dir='ltr'><strong>ιιι</strong></span> <span class='ocrx_word' id='word_1_37' title='bbox 806 695 901 779; x_wconf 90' lang='lat' dir='ltr'><strong>bello,</strong></span> <span class='ocrx_word' id='word_1_38' title='bbox 923 696 981 760; x_wconf 92' lang='lat' dir='ltr'><strong>ubi</strong></span> <span class='ocrx_word' id='word_1_39' title='bbox 998 718 1062 779; x_wconf 86' lang='lat' dir='ltr'><strong>pax</strong></span> <span class='ocrx_word' id='word_1_40' title='bbox 1081 700 1231 759; x_wconf 84' lang='lat' dir='ltr'><strong>evenerat</strong></span> 
     </span>
    </p>

    <p class='ocr_par' dir='ltr' id='par_1_4' title="bbox 188 782 1232 1222">
     <span class='ocr_line' id='line_1_6' title="bbox 188 782 1231 871; baseline -0.003 -21"><span class='ocrx_word' id='word_1_41' title='bbox 188 802 205 850; x_wconf 83' lang='lat'>4</span> <span class='ocrx_word' id='word_1_42' title='bbox 224 787 398 871; x_wconf 88' lang='lat' dir='ltr'><strong>aequitate,</strong></span> <span class='ocrx_word' id='word_1_43' title='bbox 421 806 518 868; x_wconf 91' lang='lat' dir='ltr'><strong>seque</strong></span> <span class='ocrx_word' id='word_1_44' title='bbox 541 805 673 867; x_wconf 90' lang='lat' dir='ltr'><strong>remque</strong></span> <span class='ocrx_word' id='word_1_45' title='bbox 695 782 861 866; x_wconf 81' lang='lat' dir='ltr'><strong>publicam</strong></span> <span class='ocrx_word' id='word_1_46' title='bbox 884 783 1049 848; x_wconf 75' lang='lat' dir='ltr'><strong>curabant.</strong></span> <span class='ocrx_word' id='word_1_47' title='bbox 1095 805 1231 866; x_wconf 88' lang='lat' dir='ltr'><strong>quarum</strong></span> 
     </span>
     <span class='ocr_line' id='line_1_7' title="bbox 223 871 1232 1021; baseline -0.005 -82"><span class='ocrx_word' id='word_1_48' title='bbox 223 897 331 939; x_wconf 91' lang='lat' dir='ltr'><strong>rerum</strong></span> <span class='ocrx_word' id='word_1_49' title='bbox 359 895 423 974; x_wconf 40' lang='lat' dir='ltr'><strong>ego·</strong></span> <span class='ocrx_word' id='word_1_50' title='bbox 447 893 598 936; x_wconf 83' lang='lat' dir='ltr'><strong>maxuma</strong></span> <span class='ocrx_word' id='word_1_51' title='bbox 626 872 797 936; x_wconf 74' lang='lat' dir='ltr'><strong>document</strong></span> <span class='ocrx_word' id='word_1_52' title='bbox 798 893 818 934; x_wconf 91' lang='lat' dir='ltr'><strong>a</strong></span> <span class='ocrx_word' id='word_1_53' title='bbox 839 871 919 936; x_wconf 89' lang='lat' dir='ltr'><strong>haec</strong></span> <span class='ocrx_word' id='word_1_54' title='bbox 941 871 1060 954; x_wconf 89' lang='lat' dir='ltr'><strong>habeo,</strong></span> <span class='ocrx_word' id='word_1_55' title='bbox 1088 871 1181 1021; x_wconf 86' lang='lat' dir='ltr'><strong>quod</strong></span> <span class='ocrx_word' id='word_1_56' title='bbox 1196 873 1232 935; x_wconf 92' lang='lat' dir='ltr'><strong>in</strong></span> 
     </span>
     <span class='ocr_line' id='line_1_8' title="bbox 222 958 1232 1044; baseline -0.003 -18"><span class='ocrx_word' id='word_1_57' title='bbox 222 962 309 1027; x_wconf 89' lang='lat' dir='ltr'><strong>bello</strong></span> <span class='ocrx_word' id='word_1_58' title='bbox 337 961 465 1044; x_wconf 90' lang='lat' dir='ltr'><strong>saepius</strong></span> <span class='ocrx_word' id='word_1_59' title='bbox 494 960 770 1024; x_wconf 82' lang='lat' dir='ltr'><strong>vindicatumt</strong></span> <span class='ocrx_word' id='word_1_60' title='bbox 720 963 770 1023; x_wconf 89' lang='lat' dir='ltr'><strong>est</strong></span> <span class='ocrx_word' id='word_1_61' title='bbox 796 958 832 1022; x_wconf 91' lang='lat' dir='ltr'><strong>in</strong></span> <span class='ocrx_word' id='word_1_62' title='bbox 860 980 928 1043; x_wconf 87' lang='lat' dir='ltr'><strong>eos,</strong></span> <span class='ocrx_word' id='word_1_63' title='bbox 957 959 1012 1043; x_wconf 93' lang='lat' dir='ltr'><strong>qui</strong></span> <span class='ocrx_word' id='word_1_64' title='bbox 1036 962 1112 1023; x_wconf 91' lang='lat' dir='ltr'><strong>cont</strong></span> <span class='ocrx_word' id='word_1_65' title='bbox 1114 980 1150 1022; x_wconf 90' lang='lat' dir='ltr'><strong>ra</strong></span> <span class='ocrx_word' id='word_1_66' title='bbox 1172 960 1232 1023; x_wconf 92' lang='lat' dir='ltr'><strong>im-</strong></span> 
     </span>
     <span class='ocr_line' id='line_1_9' title="bbox 223 1046 1232 1134; baseline -0.003 -20"><span class='ocrx_word' id='word_1_67' title='bbox 223 1051 350 1134; x_wconf 89' lang='lat' dir='ltr'><strong>perium</strong></span> <span class='ocrx_word' id='word_1_68' title='bbox 367 1050 402 1113; x_wconf 90' lang='lat' dir='ltr'><strong>in</strong></span> <span class='ocrx_word' id='word_1_69' title='bbox 419 1050 549 1112; x_wconf 89' lang='lat' dir='ltr'><strong>hostem</strong></span> <span class='ocrx_word' id='word_1_70' title='bbox 567 1050 791 1132; x_wconf 81' lang='lat' dir='ltr'><strong>pugnaverant</strong></span> <span class='ocrx_word' id='word_1_71' title='bbox 811 1046 928 1131; x_wconf 89' lang='lat' dir='ltr'><strong>quique</strong></span> <span class='ocrx_word' id='word_1_72' title='bbox 947 1047 1072 1111; x_wconf 89' lang='lat' dir='ltr'><strong>tardius</strong></span> <span class='ocrx_word' id='word_1_73' title='bbox 1087 1049 1232 1111; x_wconf 83' lang='lat' dir='ltr'><strong>revocati</strong></span> 
     </span>
     <span class='ocr_line' id='line_1_10' title="bbox 223 1133 1232 1235; baseline -0.004 -32"><span class='ocrx_word' id='word_1_74' title='bbox 223 1138 347 1222; x_wconf 92' lang='lat' dir='ltr'><strong>proelio</strong></span> <span class='ocrx_word' id='word_1_75' title='bbox 380 1138 617 1219; x_wconf 86' lang='lat' dir='ltr'><strong>excesserant,</strong></span> <span class='ocrx_word' id='word_1_76' title='bbox 614 1156 726 1234; x_wconf 29' lang='lat' dir='ltr'><strong>,quam</strong></span> <span class='ocrx_word' id='word_1_77' title='bbox 760 1133 816 1235; x_wconf 83' lang='lat' dir='ltr'><strong>qui</strong></span> <span class='ocrx_word' id='word_1_78' title='bbox 845 1134 938 1219; x_wconf 84' lang='lat' dir='ltr'><strong>signa</strong></span> <span class='ocrx_word' id='word_1_79' title='bbox 965 1134 1145 1218; x_wconf 88' lang='lat' dir='ltr'><strong>relinquere</strong></span> <span class='ocrx_word' id='word_1_80' title='bbox 1174 1139 1232 1199; x_wconf 87' lang='lat' dir='ltr'><strong>aut</strong></span> 
     </span>
    </p>

    <p class='ocr_par' dir='ltr' id='par_1_5' title="bbox 189 1222 1232 1487">
     <span class='ocr_line' id='line_1_11' title="bbox 189 1222 1231 1323; baseline -0.003 -34"><span class='ocrx_word' id='word_1_81' title='bbox 189 1226 309 1310; x_wconf 78' lang='lat' dir='ltr'><strong>opulsi</strong></span> <span class='ocrx_word' id='word_1_82' title='bbox 331 1225 404 1290; x_wconf 88' lang='lat' dir='ltr'><strong>loco</strong></span> <span class='ocrx_word' id='word_1_83' title='bbox 429 1224 539 1288; x_wconf 90' lang='lat' dir='ltr'><strong>cedere</strong></span> <span class='ocrx_word' id='word_1_84' title='bbox 563 1223 634 1286; x_wconf 90' lang='lat' dir='ltr'><strong>ausi</strong></span> <span class='ocrx_word' id='word_1_85' title='bbox 657 1222 794 1306; x_wconf 82' lang='lat' dir='ltr'><strong>erant3</strong></span> <span class='ocrx_word' id='word_1_86' title='bbox 784 1245 819 1285; x_wconf 89' lang='grc' dir='ltr'><strong>ιιι</strong></span> <span class='ocrx_word' id='word_1_87' title='bbox 841 1245 920 1306; x_wconf 89' lang='lat' dir='ltr'><strong>pace</strong></span> <span class='ocrx_word' id='word_1_88' title='bbox 943 1244 1020 1288; x_wconf 85' lang='lat' dir='ltr'><strong>vero</strong></span> <span class='ocrx_word' id='word_1_89' title='bbox 1040 1223 1125 1323; x_wconf 82' lang='lat' dir='ltr'><strong>quod</strong></span> <span class='ocrx_word' id='word_1_90' title='bbox 1143 1224 1231 1288; x_wconf 90' lang='lat' dir='ltr'><strong>beni-</strong></span> 
     </span>
     <span class='ocr_line' id='line_1_12' title="bbox 222 1310 1232 1411; baseline -0.003 -34"><span class='ocrx_word' id='word_1_91' title='bbox 222 1314 305 1378; x_wconf 91' lang='lat' dir='ltr'><strong>ficiis</strong></span> <span class='ocrx_word' id='word_1_92' title='bbox 320 1335 418 1396; x_wconf 93' lang='lat' dir='ltr'><strong>quam</strong></span> <span class='ocrx_word' id='word_1_93' title='bbox 432 1311 544 1375; x_wconf 90' lang='lat' dir='ltr'><strong>metu</strong></span> <span class='ocrx_word' id='word_1_94' title='bbox 535 1310 709 1411; x_wconf 77' lang='lat' dir='ltr'><strong>1mperiurn</strong></span> <span class='ocrx_word' id='word_1_95' title='bbox 723 1314 791 1395; x_wconf 82' lang='lat' dir='ltr'><strong>agit</strong></span> <span class='ocrx_word' id='word_1_96' title='bbox 767 1310 944 1375; x_wconf 87' lang='lat' dir='ltr'><strong>tabantet</strong></span> <span class='ocrx_word' id='word_1_97' title='bbox 911 1311 1121 1394; x_wconf 89' lang='lat' dir='ltr'><strong>et&#39;aceepta</strong></span> <span class='ocrx_word' id='word_1_98' title='bbox 1112 1311 1232 1374; x_wconf 88' lang='lat' dir='ltr'><strong>miuria</strong></span> 
     </span>
     <span class='ocr_line' id='line_1_13' title="bbox 223 1399 1147 1487; baseline -0.004 -22"><span class='ocrx_word' id='word_1_99' title='bbox 223 1403 392 1487; x_wconf 83' lang='lat' dir='ltr'><strong>ignoscere</strong></span> <span class='ocrx_word' id='word_1_100' title='bbox 416 1421 514 1483; x_wconf 93' lang='lat' dir='ltr'><strong>quam</strong></span> <span class='ocrx_word' id='word_1_101' title='bbox 536 1400 687 1482; x_wconf 91' lang='lat' dir='ltr'><strong>persequi</strong></span> <span class='ocrx_word' id='word_1_102' title='bbox 709 1399 883 1463; x_wconf 91' lang='lat' dir='ltr'><strong>malebant.</strong></span> <span class='ocrx_word' id='word_1_103' title='bbox 1145 1419 1147 1421; x_wconf 68' lang='grc'><strong><em>’</em></strong></span> 
     </span>
    </p>

    <p class='ocr_par' dir='ltr' id='par_1_6' title="bbox 174 1487 1231 1834">
     <span class='ocr_line' id='line_1_14' title="bbox 174 1487 1231 1571; baseline -0.008 -14"><span class='ocrx_word' id='word_1_104' title='bbox 174 1494 216 1557; x_wconf 88' lang='grc'><strong>10</strong></span> <span class='ocrx_word' id='word_1_105' title='bbox 291 1487 353 1553; x_wconf 80' lang='lat' dir='ltr'><strong>Sed</strong></span> <span class='ocrx_word' id='word_1_106' title='bbox 379 1489 437 1553; x_wconf 92' lang='lat' dir='ltr'><strong>ubi</strong></span> <span class='ocrx_word' id='word_1_107' title='bbox 463 1487 638 1552; x_wconf 89' lang='lat' dir='ltr'><strong>laboret</strong></span> <span class='ocrx_word' id='word_1_108' title='bbox 604 1491 701 1571; x_wconf 91' lang='lat' dir='ltr'><strong>atque</strong></span> <span class='ocrx_word' id='word_1_109' title='bbox 727 1487 832 1552; x_wconf 87' lang='lat' dir='ltr'><strong>iustit</strong></span> <span class='ocrx_word' id='word_1_110' title='bbox 823 1509 856 1551; x_wconf 87' lang='lat' dir='ltr'><strong>ra</strong></span> <span class='ocrx_word' id='word_1_111' title='bbox 882 1508 934 1551; x_wconf 89' lang='lat' dir='ltr'><strong>res</strong></span> <span class='ocrx_word' id='word_1_112' title='bbox 963 1487 1094 1571; x_wconf 89' lang='lat' dir='ltr'><strong>publiea</strong></span> <span class='ocrx_word' id='word_1_113' title='bbox 1121 1487 1231 1571; x_wconf 85' lang='lat' dir='ltr'><strong>crevit,</strong></span> 
     </span>
     <span class='ocr_line' id='line_1_15' title="bbox 223 1574 1231 1678; baseline -0.005 -36"><span class='ocrx_word' id='word_1_114' title='bbox 223 1598 316 1662; x_wconf 84' lang='lat' dir='ltr'><strong>reges</strong></span> <span class='ocrx_word' id='word_1_115' title='bbox 340 1576 450 1678; x_wconf 80' lang='lat' dir='ltr'><strong>magni</strong></span> <span class='ocrx_word' id='word_1_116' title='bbox 472 1575 558 1640; x_wconf 91' lang='lat' dir='ltr'><strong>bello</strong></span> <span class='ocrx_word' id='word_1_117' title='bbox 583 1575 695 1640; x_wconf 91' lang='lat' dir='ltr'><strong>domit</strong></span> <span class='ocrx_word' id='word_1_118' title='bbox 672 1579 707 1658; x_wconf 90' lang='lat' dir='ltr'><strong>t1,</strong></span> <span class='ocrx_word' id='word_1_119' title='bbox 729 1578 787 1638; x_wconf 92' lang='lat' dir='ltr'><strong>nat</strong></span> <span class='ocrx_word' id='word_1_120' title='bbox 788 1575 878 1640; x_wconf 92' lang='lat' dir='ltr'><strong>iones</strong></span> <span class='ocrx_word' id='word_1_121' title='bbox 896 1574 1035 1639; x_wconf 80' lang='lat' dir='ltr'><strong>fer&#39;aeet</strong></span> <span class='ocrx_word' id='word_1_122' title='bbox 1051 1574 1193 1676; x_wconf 88' lang='lat' dir='ltr'><strong>populi</strong></span> <span class='ocrx_word' id='word_1_123' title='bbox 1184 1598 1231 1637; x_wconf 95' lang='lat' dir='ltr'><strong>m-</strong></span> 
     </span>
     <span class='ocr_line' id='line_1_16' title="bbox 223 1661 1231 1750; baseline -0.003 -21"><span class='ocrx_word' id='word_1_124' title='bbox 223 1670 302 1750; x_wconf 81' lang='lat' dir='ltr'><strong>gent</strong></span> <span class='ocrx_word' id='word_1_125' title='bbox 304 1687 394 1729; x_wconf 80' lang='lat' dir='ltr'><strong>esur</strong></span> <span class='ocrx_word' id='word_1_126' title='bbox 361 1663 557 1745; x_wconf 81' lang='lat' dir='ltr'><strong>visubacti,</strong></span> <span class='ocrx_word' id='word_1_127' title='bbox 585 1661 664 1726; x_wconf 81' lang='lat' dir='ltr'><strong>Cart</strong></span> <span class='ocrx_word' id='word_1_128' title='bbox 650 1662 763 1745; x_wconf 85' lang='lat' dir='ltr'><strong>thago,</strong></span> <span class='ocrx_word' id='word_1_129' title='bbox 791 1662 953 1725; x_wconf 89' lang='lat' dir='ltr'><strong>aemula</strong></span> <span class='ocrx_word' id='word_1_130' title='bbox 944 1663 1060 1744; x_wconf 85' lang='lat' dir='ltr'><strong>rmperi</strong></span> <span class='ocrx_word' id='word_1_131' title='bbox 1082 1662 1231 1745; x_wconf 88' lang='lat' dir='ltr'><strong>Romani,</strong></span> 
     </span>
     <span class='ocr_line' id='line_1_17' title="bbox 224 1748 1232 1848; baseline -0.002 -32"><span class='ocrx_word' id='word_1_132' title='bbox 224 1752 325 1816; x_wconf 91' lang='lat' dir='ltr'><strong>abst</strong></span> <span class='ocrx_word' id='word_1_133' title='bbox 294 1753 395 1834; x_wconf 90' lang='lat' dir='ltr'><strong>stirpe</strong></span> <span class='ocrx_word' id='word_1_134' title='bbox 422 1750 563 1832; x_wconf 89' lang='lat' dir='ltr'><strong>interiit,</strong></span> <span class='ocrx_word' id='word_1_135' title='bbox 593 1752 709 1813; x_wconf 87' lang='lat' dir='ltr'><strong>cuncta</strong></span> <span class='ocrx_word' id='word_1_136' title='bbox 735 1748 839 1811; x_wconf 89' lang='lat' dir='ltr'><strong>maria</strong></span> <span class='ocrx_word' id='word_1_137' title='bbox 869 1753 1037 1831; x_wconf 88' lang='lat' dir='ltr'><strong>terraeque</strong></span> <span class='ocrx_word' id='word_1_138' title='bbox 1064 1754 1121 1848; x_wconf 86' lang='lat' dir='ltr'><strong>pat</strong></span> <span class='ocrx_word' id='word_1_139' title='bbox 1107 1751 1232 1835; x_wconf 88' lang='lat' dir='ltr'><strong>tebant,</strong></span> 
     </span>
    </p>

    <p class='ocr_par' dir='ltr' id='par_1_7' title="bbox 189 1803 1232 2095">
     <span class='ocr_line' id='line_1_18' title="bbox 189 1803 1232 1919; baseline 0 -17"><span class='ocrx_word' id='word_1_140' title='bbox 189 1838 348 1904; x_wconf 77' lang='lat' dir='ltr'><strong>asaevire</strong></span> <span class='ocrx_word' id='word_1_141' title='bbox 370 1837 503 1902; x_wconf 87' lang='lat' dir='ltr'><strong>fortuna</strong></span> <span class='ocrx_word' id='word_1_142' title='bbox 525 1857 563 1900; x_wconf 89' lang='lat' dir='ltr'><strong>ae</strong></span> <span class='ocrx_word' id='word_1_143' title='bbox 585 1836 720 1900; x_wconf 86' lang='lat' dir='ltr'><strong>miscere</strong></span> <span class='ocrx_word' id='word_1_144' title='bbox 740 1835 848 1899; x_wconf 91' lang='lat' dir='ltr'><strong>omnia</strong></span> <span class='ocrx_word' id='word_1_145' title='bbox 866 1836 981 1918; x_wconf 91' lang='lat' dir='ltr'><strong>coepit.</strong></span> <span class='ocrx_word' id='word_1_146' title='bbox 1028 1837 1083 1919; x_wconf 93' lang='lat' dir='ltr'><strong>qui</strong></span> <span class='ocrx_word' id='word_1_147' title='bbox 1101 1803 1232 1902; x_wconf 62' lang='lat' dir='ltr'><strong>labores</strong></span> 
     </span>
     <span class='ocr_line' id='line_1_19' title="bbox 222 1923 1232 2011; baseline -0.002 -21"><span class='ocrx_word' id='word_1_148' title='bbox 222 1926 375 2011; x_wconf 89' lang='lat' dir='ltr'><strong>pericula,</strong></span> <span class='ocrx_word' id='word_1_149' title='bbox 398 1924 513 1988; x_wconf 89' lang='lat' dir='ltr'><strong>dubias</strong></span> <span class='ocrx_word' id='word_1_150' title='bbox 536 1927 571 1987; x_wconf 87' lang='lat' dir='ltr'><strong>at</strong></span> <span class='ocrx_word' id='word_1_151' title='bbox 573 1944 633 2007; x_wconf 93' lang='lat' dir='ltr'><strong>que</strong></span> <span class='ocrx_word' id='word_1_152' title='bbox 657 1945 788 2006; x_wconf 91' lang='lat' dir='ltr'><strong>asperas</strong></span> <span class='ocrx_word' id='word_1_153' title='bbox 810 1944 862 1987; x_wconf 91' lang='lat' dir='ltr'><strong>res</strong></span> <span class='ocrx_word' id='word_1_154' title='bbox 885 1923 980 1987; x_wconf 91' lang='lat' dir='ltr'><strong>facile</strong></span> <span class='ocrx_word' id='word_1_155' title='bbox 1003 1924 1232 2009; x_wconf 83' lang='lat' dir='ltr'><strong>toleraverant,</strong></span> 
     </span>
     <span class='ocr_line' id='line_1_20' title="bbox 224 2011 1231 2095; baseline -0.001 -16"><span class='ocrx_word' id='word_1_156' title='bbox 224 2015 270 2080; x_wconf 92' lang='lat' dir='ltr'><strong>eis</strong></span> <span class='ocrx_word' id='word_1_157' title='bbox 300 2013 404 2078; x_wconf 91' lang='lat' dir='ltr'><strong>otium</strong></span> <span class='ocrx_word' id='word_1_158' title='bbox 432 2012 577 2094; x_wconf 82' lang='lat' dir='ltr'><strong>divitiae,</strong></span> <span class='ocrx_word' id='word_1_159' title='bbox 610 2012 752 2095; x_wconf 90' lang='lat' dir='ltr'><strong>optanda</strong></span> <span class='ocrx_word' id='word_1_160' title='bbox 779 2011 873 2095; x_wconf 88' lang='lat' dir='ltr'><strong>alias,</strong></span> <span class='ocrx_word' id='word_1_161' title='bbox 906 2011 995 2075; x_wconf 92' lang='lat' dir='ltr'><strong>oneri</strong></span> <span class='ocrx_word' id='word_1_162' title='bbox 1018 2011 1231 2095; x_wconf 88' lang='lat' dir='ltr'><strong>miseriaeque</strong></span> 
     </span>
    </p>

    <p class='ocr_par' dir='ltr' id='par_1_8' title="bbox 188 2099 1231 2799">
     <span class='ocr_line' id='line_1_21' title="bbox 190 2099 1230 2186; baseline -0.002 -19"><span class='ocrx_word' id='word_1_163' title='bbox 190 2103 322 2168; x_wconf 78' lang='lat' dir='ltr'><strong>afuere.</strong></span> <span class='ocrx_word' id='word_1_164' title='bbox 371 2101 473 2186; x_wconf 84' lang='lat' dir='ltr'><strong>igitur</strong></span> <span class='ocrx_word' id='word_1_165' title='bbox 499 2100 605 2184; x_wconf 89' lang='lat' dir='ltr'><strong>primo</strong></span> <span class='ocrx_word' id='word_1_166' title='bbox 635 2099 766 2183; x_wconf 86' lang='lat' dir='ltr'><strong>imperi,</strong></span> <span class='ocrx_word' id='word_1_167' title='bbox 793 2099 947 2182; x_wconf 88' lang='lat' dir='ltr'><strong>pecuniae</strong></span> <span class='ocrx_word' id='word_1_168' title='bbox 974 2099 1086 2164; x_wconf 91' lang='lat' dir='ltr'><strong>deinde</strong></span> <span class='ocrx_word' id='word_1_169' title='bbox 1114 2100 1230 2183; x_wconf 86' lang='lat' dir='ltr'><strong>cupido</strong></span> 
     </span>
     <span class='ocr_line' id='line_1_22' title="bbox 225 2187 1230 2275; baseline -0.002 -20"><span class='ocrx_word' id='word_1_170' title='bbox 225 2191 339 2275; x_wconf 84' lang='lat' dir='ltr'><strong>crevit3</strong></span> <span class='ocrx_word' id='word_1_171' title='bbox 371 2211 409 2254; x_wconf 91' lang='lat' dir='ltr'><strong>ea</strong></span> <span class='ocrx_word' id='word_1_172' title='bbox 441 2189 534 2273; x_wconf 89' lang='lat' dir='ltr'><strong>quasi</strong></span> <span class='ocrx_word' id='word_1_173' title='bbox 566 2187 718 2252; x_wconf 87' lang='lat' dir='ltr'><strong>materies</strong></span> <span class='ocrx_word' id='word_1_174' title='bbox 755 2187 900 2252; x_wconf 92' lang='lat' dir='ltr'><strong>omnium</strong></span> <span class='ocrx_word' id='word_1_175' title='bbox 936 2187 1096 2252; x_wconf 91' lang='lat' dir='ltr'><strong>malorum</strong></span> <span class='ocrx_word' id='word_1_176' title='bbox 1131 2187 1230 2253; x_wconf 80' lang='lat' dir='ltr'><strong>fuere.</strong></span> 
     </span>
     <span class='ocr_line' id='line_1_23' title="bbox 188 2276 1230 2361; baseline -0.004 -18"><span class='ocrx_word' id='word_1_177' title='bbox 188 2296 362 2361; x_wconf 76' lang='lat' dir='ltr'><strong>rnamque</strong></span> <span class='ocrx_word' id='word_1_178' title='bbox 395 2277 533 2341; x_wconf 84' lang='lat' dir='ltr'><strong>avaritia</strong></span> <span class='ocrx_word' id='word_1_179' title='bbox 563 2276 660 2340; x_wconf 90' lang='lat' dir='ltr'><strong>fidem</strong></span> <span class='ocrx_word' id='word_1_180' title='bbox 691 2276 890 2359; x_wconf 88' lang='lat' dir='ltr'><strong>probitatem</strong></span> <span class='ocrx_word' id='word_1_181' title='bbox 926 2279 1113 2360; x_wconf 89' lang='lat' dir='ltr'><strong>ceterasque</strong></span> <span class='ocrx_word' id='word_1_182' title='bbox 1149 2276 1230 2340; x_wconf 88' lang='lat' dir='ltr'><strong>artis</strong></span> 
     </span>
     <span class='ocr_line' id='line_1_24' title="bbox 192 2363 1230 2448; baseline -0.001 -19"><span class='ocrx_word' id='word_1_183' title='bbox 192 2371 197 2386; x_wconf 64' lang='lat'>²</span> <span class='ocrx_word' id='word_1_184' title='bbox 223 2368 326 2429; x_wconf 91' lang='lat' dir='ltr'><strong>bonas</strong></span> <span class='ocrx_word' id='word_1_185' title='bbox 348 2364 525 2448; x_wconf 80' lang='lat' dir='ltr'><strong>subvertit3</strong></span> <span class='ocrx_word' id='word_1_186' title='bbox 547 2386 607 2446; x_wconf 92' lang='lat' dir='ltr'><strong>pro</strong></span> <span class='ocrx_word' id='word_1_187' title='bbox 625 2363 677 2426; x_wconf 88' lang='lat' dir='ltr'><strong>his</strong></span> <span class='ocrx_word' id='word_1_188' title='bbox 697 2364 882 2447; x_wconf 88' lang='lat' dir='ltr'><strong>superbiam</strong></span> <span class='ocrx_word' id='word_1_189' title='bbox 901 2364 1134 2447; x_wconf 89' lang='lat' dir='ltr'><strong>crudelitatem,</strong></span> <span class='ocrx_word' id='word_1_190' title='bbox 1152 2365 1230 2428; x_wconf 89' lang='lat' dir='ltr'><strong>deos</strong></span> 
     </span>
     <span class='ocr_line' id='line_1_25' title="bbox 189 2449 1230 2537; baseline 0.001 -21"><span class='ocrx_word' id='word_1_191' title='bbox 189 2452 411 2537; x_wconf 77' lang='lat' dir='ltr'><strong>cneglegere,</strong></span> <span class='ocrx_word' id='word_1_192' title='bbox 448 2451 557 2515; x_wconf 91' lang='lat' dir='ltr'><strong>omnia</strong></span> <span class='ocrx_word' id='word_1_193' title='bbox 592 2449 719 2514; x_wconf 83' lang='lat' dir='ltr'><strong>venalia</strong></span> <span class='ocrx_word' id='word_1_194' title='bbox 752 2451 871 2514; x_wconf 89' lang='lat' dir='ltr'><strong>habere</strong></span> <span class='ocrx_word' id='word_1_195' title='bbox 903 2451 1040 2516; x_wconf 86' lang='lat' dir='ltr'><strong>edocuit.</strong></span> <span class='ocrx_word' id='word_1_196' title='bbox 1094 2452 1230 2517; x_wconf 91' lang='lat' dir='ltr'><strong>ambitio</strong></span> 
     </span>
     <span class='ocr_line' id='line_1_26' title="bbox 223 2537 1231 2624; baseline 0.001 -21"><span class='ocrx_word' id='word_1_197' title='bbox 223 2540 346 2604; x_wconf 91' lang='lat' dir='ltr'><strong>multos</strong></span> <span class='ocrx_word' id='word_1_198' title='bbox 369 2539 518 2603; x_wconf 90' lang='lat' dir='ltr'><strong>mortalis</strong></span> <span class='ocrx_word' id='word_1_199' title='bbox 541 2538 642 2602; x_wconf 88' lang='lat' dir='ltr'><strong>falsos</strong></span> <span class='ocrx_word' id='word_1_200' title='bbox 664 2537 735 2602; x_wconf 88' lang='lat' dir='ltr'><strong>fieri</strong></span> <span class='ocrx_word' id='word_1_201' title='bbox 759 2538 899 2624; x_wconf 85' lang='lat' dir='ltr'><strong>subegit,</strong></span> <span class='ocrx_word' id='word_1_202' title='bbox 921 2539 1009 2603; x_wconf 88' lang='lat' dir='ltr'><strong>aliud</strong></span> <span class='ocrx_word' id='word_1_203' title='bbox 1032 2540 1177 2604; x_wconf 91' lang='lat' dir='ltr'><strong>clausum</strong></span> <span class='ocrx_word' id='word_1_204' title='bbox 1194 2539 1231 2604; x_wconf 93' lang='lat' dir='ltr'><strong>in</strong></span> 
     </span>
     <span class='ocr_line' id='line_1_27' title="bbox 223 2626 1230 2712; baseline -0.001 -19"><span class='ocrx_word' id='word_1_205' title='bbox 223 2631 354 2712; x_wconf 89' lang='lat' dir='ltr'><strong>pectore</strong></span> <span class='ocrx_word' id='word_1_206' title='bbox 383 2627 470 2691; x_wconf 88' lang='lat' dir='ltr'><strong>aliud</strong></span> <span class='ocrx_word' id='word_1_207' title='bbox 496 2627 532 2690; x_wconf 94' lang='lat' dir='ltr'><strong>in</strong></span> <span class='ocrx_word' id='word_1_208' title='bbox 558 2626 670 2711; x_wconf 86' lang='lat' dir='ltr'><strong>lingua</strong></span> <span class='ocrx_word' id='word_1_209' title='bbox 696 2629 885 2710; x_wconf 89' lang='lat' dir='ltr'><strong>promptum</strong></span> <span class='ocrx_word' id='word_1_210' title='bbox 907 2626 1041 2711; x_wconf 89' lang='lat' dir='ltr'><strong>habere,</strong></span> <span class='ocrx_word' id='word_1_211' title='bbox 1069 2627 1230 2692; x_wconf 90' lang='lat' dir='ltr'><strong>amicitias</strong></span> 
     </span>
     <span class='ocr_line' id='line_1_28' title="bbox 222 2714 1230 2799; baseline 0 -19"><span class='ocrx_word' id='word_1_212' title='bbox 222 2715 475 2799; x_wconf 88' lang='lat' dir='ltr'><strong>inimicitiasque</strong></span> <span class='ocrx_word' id='word_1_213' title='bbox 502 2736 568 2779; x_wconf 94' lang='lat' dir='ltr'><strong>non</strong></span> <span class='ocrx_word' id='word_1_214' title='bbox 595 2736 691 2778; x_wconf 87' lang='lat' dir='ltr'><strong>exre</strong></span> <span class='ocrx_word' id='word_1_215' title='bbox 715 2714 770 2778; x_wconf 91' lang='lat' dir='ltr'><strong>sed</strong></span> <span class='ocrx_word' id='word_1_216' title='bbox 793 2736 832 2778; x_wconf 84' lang='lat' dir='ltr'><strong>ex</strong></span> <span class='ocrx_word' id='word_1_217' title='bbox 855 2716 1024 2781; x_wconf 88' lang='lat' dir='ltr'><strong>commodo</strong></span> <span class='ocrx_word' id='word_1_218' title='bbox 1048 2719 1230 2780; x_wconf 87' lang='lat' dir='ltr'><strong>aestumare</strong></span> 
     </span>
    </p>

    <p class='ocr_par' dir='ltr' id='par_1_9' title="bbox 189 2802 1232 3236">
     <span class='ocr_line' id='line_1_29' title="bbox 189 2802 1230 2890; baseline -0.001 -21"><span class='ocrx_word' id='word_1_219' title='bbox 189 2822 204 2869; x_wconf 82' lang='lat' dir='ltr'><strong>a</strong></span> <span class='ocrx_word' id='word_1_220' title='bbox 224 2805 391 2890; x_wconf 81' lang='lat' dir='ltr'><strong>magisque</strong></span> <span class='ocrx_word' id='word_1_221' title='bbox 405 2803 530 2867; x_wconf 84' lang='lat' dir='ltr'><strong>voltum</strong></span> <span class='ocrx_word' id='word_1_222' title='bbox 550 2824 647 2886; x_wconf 91' lang='lat' dir='ltr'><strong>quam</strong></span> <span class='ocrx_word' id='word_1_223' title='bbox 664 2802 832 2887; x_wconf 86' lang='lat' dir='ltr'><strong>ingenium</strong></span> <span class='ocrx_word' id='word_1_224' title='bbox 850 2803 972 2868; x_wconf 93' lang='lat' dir='ltr'><strong>bonum</strong></span> <span class='ocrx_word' id='word_1_225' title='bbox 989 2803 1118 2868; x_wconf 87' lang='lat' dir='ltr'><strong>habere.</strong></span> <span class='ocrx_word' id='word_1_226' title='bbox 1150 2804 1230 2868; x_wconf 89' lang='lat' dir='ltr'><strong>haec</strong></span> 
     </span>
     <span class='ocr_line' id='line_1_30' title="bbox 222 2890 1232 2975; baseline 0.002 -21"><span class='ocrx_word' id='word_1_227' title='bbox 222 2892 328 2974; x_wconf 91' lang='lat' dir='ltr'><strong>primo</strong></span> <span class='ocrx_word' id='word_1_228' title='bbox 346 2891 506 2974; x_wconf 87' lang='lat' dir='ltr'><strong>paulatim</strong></span> <span class='ocrx_word' id='word_1_229' title='bbox 525 2911 675 2973; x_wconf 88' lang='lat' dir='ltr'><strong>creseere,</strong></span> <span class='ocrx_word' id='word_1_230' title='bbox 698 2890 861 2954; x_wconf 90' lang='lat' dir='ltr'><strong>interdum</strong></span> <span class='ocrx_word' id='word_1_231' title='bbox 878 2891 1048 2975; x_wconf 68' lang='lat' dir='ltr'><strong>vindicari,</strong></span> <span class='ocrx_word' id='word_1_232' title='bbox 1070 2895 1147 2974; x_wconf 89' lang='lat' dir='ltr'><strong>post</strong></span> <span class='ocrx_word' id='word_1_233' title='bbox 1173 2891 1232 2956; x_wconf 93' lang='lat' dir='ltr'><strong>ubi</strong></span> 
     </span>
     <span class='ocr_line' id='line_1_31' title="bbox 223 2977 1232 3063; baseline 0.001 -21"><span class='ocrx_word' id='word_1_234' title='bbox 223 2979 375 3062; x_wconf 80' lang='lat' dir='ltr'><strong>contagio</strong></span> <span class='ocrx_word' id='word_1_235' title='bbox 395 2978 488 3061; x_wconf 87' lang='lat' dir='ltr'><strong>quasi</strong></span> <span class='ocrx_word' id='word_1_236' title='bbox 500 2977 689 3061; x_wconf 86' lang='lat' dir='ltr'><strong>pestilentia</strong></span> <span class='ocrx_word' id='word_1_237' title='bbox 702 2978 832 3061; x_wconf 83' lang='lat' dir='ltr'><strong>invasit,</strong></span> <span class='ocrx_word' id='word_1_238' title='bbox 851 2978 965 3043; x_wconf 81' lang='lat' dir='ltr'><strong>civitas</strong></span> <span class='ocrx_word' id='word_1_239' title='bbox 977 2979 1154 3063; x_wconf 88' lang='lat' dir='ltr'><strong>inmutata,</strong></span> <span class='ocrx_word' id='word_1_240' title='bbox 1172 2979 1232 3043; x_wconf 92' lang='lat' dir='ltr'><strong>im·</strong></span> 
     </span>
     <span class='ocr_line' id='line_1_32' title="bbox 222 3065 1233 3149; baseline 0.001 -19"><span class='ocrx_word' id='word_1_241' title='bbox 222 3066 348 3149; x_wconf 91' lang='lat' dir='ltr'><strong>perium</strong></span> <span class='ocrx_word' id='word_1_242' title='bbox 371 3088 410 3129; x_wconf 85' lang='lat' dir='ltr'><strong>ex</strong></span> <span class='ocrx_word' id='word_1_243' title='bbox 431 3065 622 3129; x_wconf 88' lang='lat' dir='ltr'><strong>iustissumo</strong></span> <span class='ocrx_word' id='word_1_244' title='bbox 642 3069 739 3149; x_wconf 90' lang='lat' dir='ltr'><strong>atque</strong></span> <span class='ocrx_word' id='word_1_245' title='bbox 758 3069 892 3149; x_wconf 90' lang='lat' dir='ltr'><strong>optumo</strong></span> <span class='ocrx_word' id='word_1_246' title='bbox 913 3067 1039 3131; x_wconf 90' lang='lat' dir='ltr'><strong>crudele</strong></span> <span class='ocrx_word' id='word_1_247' title='bbox 1057 3067 1107 3131; x_wconf 92' lang='lat' dir='ltr'><strong>int</strong></span> <span class='ocrx_word' id='word_1_248' title='bbox 1109 3067 1233 3132; x_wconf 90' lang='lat' dir='ltr'><strong>oleran-</strong></span> 
     </span>
     <span class='ocr_line' id='line_1_33' title="bbox 222 3153 802 3236; baseline 0 -19"><span class='ocrx_word' id='word_1_249' title='bbox 222 3154 362 3236; x_wconf 91' lang='lat' dir='ltr'><strong>dumque</strong></span> <span class='ocrx_word' id='word_1_250' title='bbox 384 3153 452 3217; x_wconf 85' lang='lat' dir='ltr'><strong>fact</strong></span> <span class='ocrx_word' id='word_1_251' title='bbox 438 3157 516 3217; x_wconf 88' lang='lat' dir='ltr'><strong>t.um</strong></span> <span class='ocrx_word' id='word_1_252' title='bbox 800 3215 802 3217; x_wconf 82' lang='grc'><strong>,</strong></span> 
     </span>
    </p>

    <p class='ocr_par' dir='ltr' id='par_1_10' title="bbox 173 3240 1231 3416">
     <span class='ocr_line' id='line_1_34' title="bbox 173 3240 1231 3394; baseline -0.001 -85"><span class='ocrx_word' id='word_1_253' title='bbox 173 3247 211 3309; x_wconf 90' lang='grc'><strong>11</strong></span> <span class='ocrx_word' id='word_1_254' title='bbox 292 3240 355 3306; x_wconf 79' lang='lat' dir='ltr'><strong>Sed</strong></span> <span class='ocrx_word' id='word_1_255' title='bbox 381 3242 487 3325; x_wconf 90' lang='lat' dir='ltr'><strong>primo</strong></span> <span class='ocrx_word' id='word_1_256' title='bbox 516 3242 621 3327; x_wconf 84' lang='lat' dir='ltr'><strong>magis</strong></span> <span class='ocrx_word' id='word_1_257' title='bbox 649 3243 787 3307; x_wconf 87' lang='lat' dir='ltr'><strong>ambitio</strong></span> <span class='ocrx_word' id='word_1_258' title='bbox 816 3264 931 3394; x_wconf 76' lang='lat' dir='ltr'><strong>quamt</strong></span> <span class='ocrx_word' id='word_1_259' title='bbox 940 3243 1078 3308; x_wconf 84' lang='lat' dir='ltr'><strong>avaritia</strong></span> <span class='ocrx_word' id='word_1_260' title='bbox 1104 3244 1231 3308; x_wconf 88' lang='lat' dir='ltr'><strong>animos</strong></span> 
     </span>
     <span class='ocr_line' id='line_1_35' title="bbox 222 3329 1232 3416; baseline 0.002 -23"><span class='ocrx_word' id='word_1_261' title='bbox 222 3329 391 3394; x_wconf 90' lang='lat' dir='ltr'><strong>hominum</strong></span> <span class='ocrx_word' id='word_1_262' title='bbox 419 3331 602 3414; x_wconf 85' lang='lat' dir='ltr'><strong>exercebat,</strong></span> <span class='ocrx_word' id='word_1_263' title='bbox 631 3331 716 3414; x_wconf 92' lang='lat' dir='ltr'><strong>quod</strong></span> <span class='ocrx_word' id='word_1_264' title='bbox 739 3334 849 3394; x_wconf 90' lang='lat' dir='ltr'><strong>tamen</strong></span> <span class='ocrx_word' id='word_1_265' title='bbox 874 3330 990 3395; x_wconf 86' lang='lat' dir='ltr'><strong>vitium</strong></span> <span class='ocrx_word' id='word_1_266' title='bbox 1012 3332 1147 3416; x_wconf 91' lang='lat' dir='ltr'><strong>propius</strong></span> <span class='ocrx_word' id='word_1_267' title='bbox 1169 3332 1232 3396; x_wconf 80' lang='lat' dir='ltr'><strong>vir-</strong></span> 
     </span>
    </p>

    <p class='ocr_par' dir='ltr' id='par_1_11' title="bbox 186 3418 1234 3678">
     <span class='ocr_line' id='line_1_36' title="bbox 186 3418 1232 3569; baseline 0.003 -88"><span class='ocrx_word' id='word_1_268' title='bbox 186 3421 327 3482; x_wconf 76' lang='lat' dir='ltr'><strong>atutem</strong></span> <span class='ocrx_word' id='word_1_269' title='bbox 356 3422 434 3482; x_wconf 91' lang='lat' dir='ltr'><strong>erat</strong></span> <span class='ocrx_word' id='word_1_270' title='bbox 478 3441 555 3483; x_wconf 89' lang='lat' dir='ltr'><strong>nam</strong></span> <span class='ocrx_word' id='word_1_271' title='bbox 582 3418 747 3569; x_wconf 69' lang='lat' dir='ltr'><strong>gloriamt</strong></span> <span class='ocrx_word' id='word_1_272' title='bbox 751 3418 1103 3502; x_wconf 87' lang='lat' dir='ltr'><strong>honorem1mperium</strong></span> <span class='ocrx_word' id='word_1_273' title='bbox 1126 3421 1232 3484; x_wconf 88' lang='lat' dir='ltr'><strong>bonus</strong></span> 
     </span>
     <span class='ocr_line' id='line_1_37' title="bbox 222 3506 1234 3606; baseline 0.005 -39"><span class='ocrx_word' id='word_1_274' title='bbox 222 3506 287 3567; x_wconf 91' lang='lat' dir='ltr'><strong>et</strong></span> <span class='ocrx_word' id='word_1_275' title='bbox 278 3527 414 3590; x_wconf 82' lang='lat' dir='ltr'><strong>rgnavos</strong></span> <span class='ocrx_word' id='word_1_276' title='bbox 438 3528 539 3606; x_wconf 82' lang='lat' dir='ltr'><strong>aeque</strong></span> <span class='ocrx_word' id='word_1_277' title='bbox 563 3506 626 3569; x_wconf 91' lang='lat' dir='ltr'><strong>sibi</strong></span> <span class='ocrx_word' id='word_1_278' title='bbox 649 3509 805 3590; x_wconf 86' lang='lat' dir='ltr'><strong>exoptant</strong></span> <span class='ocrx_word' id='word_1_279' title='bbox 791 3506 898 3591; x_wconf 81' lang='lat' dir='ltr'><strong>t3sed</strong></span> <span class='ocrx_word' id='word_1_280' title='bbox 916 3506 971 3570; x_wconf 92' lang='lat' dir='ltr'><strong>ille</strong></span> <span class='ocrx_word' id='word_1_281' title='bbox 990 3529 1066 3571; x_wconf 86' lang='lat' dir='ltr'><strong>vera</strong></span> <span class='ocrx_word' id='word_1_282' title='bbox 1085 3508 1137 3572; x_wconf 89' lang='lat' dir='ltr'><strong>via</strong></span> <span class='ocrx_word' id='word_1_283' title='bbox 1156 3509 1221 3572; x_wconf 89' lang='lat' dir='ltr'><strong>niti</strong></span> <span class='ocrx_word' id='word_1_284' title='bbox 1221 3545 1234 3555; x_wconf 93' lang='lat'><strong>·</strong></span> 
     </span>
     <span class='ocr_line' id='line_1_38' title="bbox 222 3557 1233 3680; baseline 0.006 -24.096"><span class='ocrx_word' id='word_1_285' title='bbox 222 3596 285 3679; x_wconf 88' lang='lat' dir='ltr'><strong>tur,</strong></span> <span class='ocrx_word' id='word_1_286' title='bbox 305 3593 381 3658; x_wconf 89' lang='lat' dir='ltr'><strong>huie</strong></span> <span class='ocrx_word' id='word_1_287' title='bbox 400 3593 477 3677; x_wconf 88' lang='lat' dir='ltr'><strong>quia</strong></span> <span class='ocrx_word' id='word_1_288' title='bbox 495 3594 599 3658; x_wconf 88' lang='lat' dir='ltr'><strong>bonae</strong></span> <span class='ocrx_word' id='word_1_289' title='bbox 618 3598 705 3658; x_wconf 90' lang='lat' dir='ltr'><strong>artes</strong></span> <span class='ocrx_word' id='word_1_290' title='bbox 725 3557 851 3680; x_wconf 80' lang='lat' dir='ltr'><strong>desudt,</strong></span> <span class='ocrx_word' id='word_1_291' title='bbox 873 3594 956 3659; x_wconf 91' lang='lat' dir='ltr'><strong>dolis</strong></span> <span class='ocrx_word' id='word_1_292' title='bbox 976 3598 1074 3678; x_wconf 91' lang='lat' dir='ltr'><strong>atque</strong></span> <span class='ocrx_word' id='word_1_293' title='bbox 1092 3595 1233 3662; x_wconf 85' lang='lat' dir='ltr'><strong>fallaciis</strong></span> 
     </span>
    </p>
   </div>
   <div class='ocr_carea' id='block_1_3' title="bbox 0 0 1278 4192">
    <p class='ocr_par' dir='ltr' id='par_1_12' title="bbox 0 0 1278 4192">
     <span class='ocr_line' id='line_1_39' title="bbox 0 0 1278 4192; baseline 0 0"><span class='ocrx_word' id='word_1_294' title='bbox 0 0 1278 4192; x_wconf 95' lang='lat' dir='ltr'><strong> </strong></span> 
     </span>
    </p>
   </div>
  </div>
 </body>
</html>
