2542 4192
290 242 435 296 3333311
454 243 647 298 3113111333
667 261 689 300 0.
710 251 751 300 sa
771 251 812 302 33.
1022 247 1065 312 35

54 389 129 471 ipsa
152 408 266 470 aspera
285 391 343 470 est,
368 387 423 450 sed
440 408 499 451 vos
517 409 583 451 non
602 388 726 453 timetis
746 411 826 454 3313.
867 390 967 454 113133
986 413 1062 456 vero

55 497 215 540 maxume.
266 474 321 538 sed
347 475 467 538 inertia
494 478 527 539 et
554 476 694 540 mollitia
722 477 821 540 animi
849 478 932 547 alius
963 479 1063 543 aliurn

56 565 265 646 expectantes
285 561 491 645 cunctamini,
509 562 660 627 videlicet
678 563 727 627 dis
745 564 974 630 inmortalibus
991 589 1064 631 con-

55 652 122 734 fisi,
150 650 206 733 qui
233 649 317 714 hano
343 672 412 714 rem
434 649 601 732 publicam
624 671 719 733 saepe
741 652 777 715 in
799 653 958 717 maxumis
981 655 1063 737 peri-

56 739 139 804 culis
162 759 338 802 servavere.
382 759 449 802 non
470 736 556 802 votis
579 759 682 821 neque
706 740 873 822 suppliciis
899 740 1063 805 muliebri·
1081 764 1114 813 29

55 829 117 892 bus
146 825 267 890 auxilia
289 826 422 889 deorum
443 829 613 908 parantur:
640 826 805 910 vigilando
830 828 958 912 agundo
981 829 1062 894 bene

56 913 257 980 consulundo
278 934 435 999 prospera
457 912 566 976 onmia
589 913 714 977 cedunt.
759 914 816 977 ubi
842 916 1006 980 socordiae
1030 921 1062 981 te

55 1006 155 1086 atque
186 1000 334 1085 ignaviae
363 999 546 1083 tradideris,
577 1001 774 1084 nequiquam
801 1002 877 1066 deos
906 1004 1062 1086 inplores:

17 1113 25 1122 ’
55 1088 134 1154 irati
155 1087 330 1170 infestique
353 1091 438 1151 sunt.
483 1088 568 1170 apud
590 1088 729 1152 maiores
756 1094 887 1154 nostros
910 1091 949 1154 A.
972 1090 1061 1155 Man·
1080 1113 1114 1162 3ο

54 1177 121 1241 1133
153 1175 336 1258 Torquatus
368 1175 454 1239 bello
488 1173 614 1240 Gallico
642 1175 747 1240 filium
777 1199 883 1260 suum,
917 1179 1003 1261 quod
1032 1179 1061 1242 is

56 1268 172 1330 contra
193 1263 366 1346 imperium
388 1263 423 1326 in
444 1262 574 1327 hostem
597 1269 807 1347 pugnaverat,
829 1267 937 1329 necari
956 1265 1062 1350 iussit,

55 1357 155 1434 atque
172 1351 228 1414 1113
247 1350 395 1435 egregius
415 1350 602 1414 adulescens
620 1351 841 1416 inmoderatae
859 1353 1061 1417 fortitudinis
1080 1377 1112 1425 31

54 1443 163 1504 313313
189 1459 310 1522 poenas
337 1438 439 1502 dedit:
467 1459 524 1501 vos
552 1438 591 1501 de
619 1437 858 1503 crudelissumis
890 1441 1060 1523 parricidis

55 1528 135 1612 quid
153 1525 316 1609 statuatis,
335 1525 554 1590 cunctamini?
572 1524 721 1589 videlicet
740 1529 848 1590 cetera
865 1527 934 1591 vita
950 1549 1062 1591 eorum

53 1615 133 1679 huic
159 1613 272 1678 sceleri
301 1613 420 1678 obstat.
465 1634 576 1677 verum
598 1613 722 1696 parcite
746 1613 899 1698 dignitati
922 1613 1061 1697 Lentuli,
1080 1638 1113 1686 32

56 1703 86 1768 si
107 1703 177 1785 ipse
199 1701 383 1784 pudicitiae,
406 1701 435 1764 si
452 1700 557 1764 famae
577 1722 663 1784 suae,
687 1702 714 1765 si
733 1701 782 1765 dis
801 1706 858 1766 aut
875 1702 1061 1767 hominibus

55 1811 211 1872 umquam
233 1789 309 1853 ullis
331 1787 486 1872 pepercit.
531 1788 690 1873 ignoscite
715 1787 850 1875 Cethegi
878 1790 1059 1855 adulescen·
1079 1813 1112 1862 33

55 1878 131 1961 tiae,
153 1877 217 1941 nisi
239 1877 359 1940 iterum
380 1876 506 1960 patriae
529 1877 650 1940 bellum
673 1875 759 1941 fecit.
804 1899 880 1941 narn
904 1879 980 1961 quid
1000 1900 1059 1964 ego
1080 1899 1113 1950 31

55 1966 96 2029 de
120 1964 258 2028 Gabinio
283 1962 415 2028 Statilio
439 1962 595 2046 Caepario
618 1964 755 2047 loquar?
783 1965 900 2047 quibus
924 1965 952 2029 si
976 1967 1062 2048 quic·

57 2075 155 2136 quam
182 2072 336 2134 umquam
363 2050 456 2135 pensi
482 2051 612 2134 fuisset,
642 2073 710 2115 non
736 2073 774 2115 ea
802 2052 938 2115 consilia
965 2053 1003 2116 de
1026 2074 1060 2116 re

55 2140 187 2225 publica
212 2139 412 2203 habuissent.
460 2143 639 2221 postremo,
670 2141 780 2220 patres
812 2138 1000 2222 conscripti,
1033 2138 1061 2202 si
1080 2161 1113 2210 35

56 2227 239 2292 mehercule
261 2230 395 2310 peccato
418 2225 509 2290 locus
533 2229 627 2309 esset,
649 2224 744 2289 facile
766 2230 895 2308 paterer
913 2247 971 2290 vos
989 2226 1062 2310 ipsa

55 2337 91 2379 re
114 2315 247 2400 corrigi,
275 2315 428 2398 quoniam
454 2313 553 2378 verba
581 2312 796 2378 contemnitis.
843 2313 899 2377 sed
921 2314 1061 2397 undique

57 2402 267 2468 circumventi
299 2423 419 2466 sumus.
469 2399 610 2466 Catilina
638 2423 710 2465 curn
737 2401 880 2466 exercitu
912 2400 1060 2467 faucibus

56 2495 165 2575 urget,
198 2490 258 2554 alii
289 2489 377 2553 intra
408 2488 536 2553 incenia
567 2492 664 2571 atque
696 2490 731 2552 in
763 2489 835 2553 sinu
866 2489 956 2554 urbis
985 2494 1061 2554 sunt

56 2577 182 2663 hostes3
208 2598 312 2659 neque
339 2577 448 2660 parari
474 2598 578 2659 neque
607 2576 732 2640 consuli
757 2577 930 2659 quicquam
951 2581 1061 2660 potest

58 2667 196 2730 occulte:
220 2686 283 2748 quo
307 2665 412 2749 magis
434 2663 671 2747 properandum
694 2666 753 2728 331.

102 2753 230 2829 Quare
253 2773 313 2836 ego
337 2753 385 2816 ita
408 2773 535 2834 censeo,
563 2772 636 2816 3331
658 2751 782 2816 nefario
806 2750 941 2815 oonsilio
966 2753 1061 2815 scele·
1080 2773 1113 2822 36

56 2844 203 2906 13131331
225 2840 344 2905 civium
367 2861 419 2904 res
441 2838 571 2923 publica
588 2839 623 2902 in
642 2860 792 2902 maxuma
808 2837 952 2921 pericula
970 2861 1061 2904 vene-

56 2928 111 3011 rit,
130 2928 223 3011 eique
241 2927 360 2992 indicio
374 2927 410 2990 T.
428 2926 574 2990 Volturci
593 2930 626 2990 31
645 2926 827 3012 legatorum
845 2926 1061 3012 Allobrogum

57 3016 197 3080 convicti
224 3015 426 3098 confessique
454 3015 520 3078 sint
548 3013 677 3078 caedem
704 3014 850 3078 incendia
877 3015 1003 3098 aliaque
1027 3038 1060 3080 se

57 3102 152 3166 foeda
175 3107 271 3186 atque
295 3103 436 3168 crudelia
459 3101 604 3166 facinora
626 3102 660 3165 in
683 3101 762 3166 civis
784 3102 988 3185 patriamque
1007 3125 1061 3186 pa-

56 3190 188 3272 ravisse,
211 3191 249 3254 de
272 3189 428 3256 confessis
453 3189 550 3253 sicuti
573 3188 825 3254 demanufestis
849 3211 957 3252 rerum
976 3191 1060 3272 capi-

56 3277 174 3340 talium
197 3298 285 3342 more
309 3278 468 3342 maiorum
491 3276 686 3360 supplicium
709 3275 923 3340 sumundum?

122 3363 302 3447 Postquain
326 3362 407 3429 Cato
427 3364 561 3447 adsedit,
585 3365 769 3428 consulares
789 3384 899 3427 omncs
917 3363 1111 3446 itemque53

56 3455 187 3515 senatus
211 3472 329 3536 magna
346 3473 422 3536 pars
441 3452 636 3516 sententiam
655 3451 722 3515 eius
741 3451 883 3535 laudant,
905 3450 1060 3515 virtutem

56 3539 156 3603 animi
180 3540 221 3603 ad
244 3540 368 3606 caelum
390 3538 507 3626 ferunt,
531 3539 588 3603 alii
607 3539 687 3602 alios
706 3539 908 3623 increpantes
928 3538 1060 3604 timidos

862 3641 899 3695 3*
