2542 4192
204 157 246 220 82
530 153 558 209 (l.
579 153 750 210 SALLUSTI
768 153 884 210 CRISPI

167 315 184 364 8
203 301 342 367 formido
361 301 460 365 latius
480 304 649 383 cresceret,
671 298 793 363 divorsi
813 300 963 383 agebant.
1005 322 1043 365 eo
1064 304 1217 387 tempore

202 389 364 474 Iugurtha
387 409 444 472 per
467 387 560 453 collis
585 387 689 470 sequi,
717 390 846 470 tempus
873 390 933 464 aut,
952 387 1061 453 locum
1084 413 1217 477 pugnae

203 497 365 560 quaerere,
384 497 448 558 qua
471 479 644 539 venturum
666 475 797 540 hostem
820 474 975 558 audierat,
998 477 1159 559 pabulum
1182 483 1230 544 et'

202 586 359 648 aquarum
390 563 508 647 fontis,
541 584 679 646 quorum
711 563 846 646 penuria
874 566 958 646 erat,
991 584 1216 652 conrumpere,

202 652 298 716 modo
318 673 351 716 se
372 649 506 715 Metello
525 651 688 714 interdum
701 649 807 715 Mario
830 651 1008 734 ostendere,
1026 657 1216 736 postremos

201 740 237 804 in
254 739 382 825 agmine
402 742 563 823 temptare
582 759 619 803 ac
638 738 752 802 statim
775 738 809 801 in
828 738 920 803 collis
939 740 1076 824 regredi,
1099 763 1216 808 rursus

203 827 285 911 aliis,
307 832 384 911 post
407 827 480 891 aliis
504 825 658 908 minitari,
680 847 784 908 neque
802 826 964 909 proelium
981 826 1087 893 facere
1106 851 1215 914 neque

203 916 307 980 otium
329 915 408 1000 pati,
432 918 561 978 tantum
584 912 679 978 modo
702 914 832 978 hostem
851 914 891 978 ab
910 914 1041 999 incepto
1060 917 1213 983 retinere.

148 1000 192 1066 56
269 1003 435 1067 Romanus
458 1003 635 1085 imperator
657 1000 715 1065 ubi
733 1023 767 1065 se
786 1001 869 1066 dolis
892 1001 1026 1087 fatigari
1049 1004 1139 1069 videt
1161 1027 1216 1071 ne·

203 1114 264 1175 que
288 1093 328 1155 ab
352 1092 447 1155 hoste
471 1089 598 1173 copiam
619 1089 786 1173 pugnandi
808 1089 892 1173 fieri,
918 1092 1032 1155 urbem
1055 1113 1216 1178 magnam

202 1184 236 1244 et
262 1180 296 1243 in
324 1200 362 1243 ea
383 1182 489 1261 parte,
517 1199 581 1260 qua
613 1177 677 1240 sita
705 1181 789 1260 erat,
822 1199 929 1243 arcem
961 1180 1054 1264 regni
1080 1182 1215 1246 nomine

203 1267 335 1331 Zamam
362 1266 480 1330 statuit
508 1285 708 1349 oppugnare,
735 1269 840 1349 ratus,
868 1266 901 1330 id
929 1268 1015 1350 quod
1042 1269 1215 1353 negotium

202 1355 370 1438 poscebat,
397 1353 591 1438 Iugurtham
614 1353 839 1418 laborantibus
864 1354 931 1419 suis
956 1355 1075 1420 auxilio
1099 1361 1214 1422 rentu-

167 1456 275 1506 2rum
301 1442 412 1526 ibique
435 1441 596 1526 proelium
617 1441 696 1505 fore.
743 1446 777 1505 at
804 1441 873 1525 ille,
902 1464 984 1525 qnae
1011 1445 1215 1526 parabantur

202 1553 222 1595 a
244 1530 388 1616 perfugis
411 1530 560 1612 edoctus,
583 1529 711 1614 magnis
734 1529 906 1594 itineribus
929 1529 1100 1596 Metellum
1124 1537 1213 1598 ante

201 1620 299 1684 venit.
345 1618 522 1701 oppidanos
544 1617 709 1699 hortatur,
732 1617 860 1681 moenia
881 1617 1068 1704 defendant,
1092 1621 1214 1686 additis

202 1706 322 1771 auxilio
345 1704 501 1789 perfugis,
521 1705 606 1788 quod
629 1725 731 1788 genus
755 1727 795 1768 ex
818 1705 920 1789 copiis
939 1707 1034 1791 regis,
1058 1709 1135 1792 quia
1154 1709 1212 1773 fal-

202 1793 267 1857 lere
290 1792 456 1876 nequibat,
478 1792 713 1855 firmissumum
735 1796 819 1876 erat;
846 1797 1015 1877 praeterea
1038 1795 1214 1878 pollicetur

166 1895 183 1943 3
202 1881 238 1945 in
259 1884 406 1964 tempore
429 1883 532 1944 semet
556 1901 629 1944 oum
652 1881 794 1945 exercitu
814 1880 932 1946 adfore.
964 1883 1013 1946 ita
1031 1885 1212 1968 conpositis

202 1969 298 2033 rebus
321 1969 356 2033 in
378 1969 451 2033 loca
474 1990 571 2052 quam
589 1989 738 2039 maxume
757 1968 885 2033 occulta
908 1969 1053 2054 discedit,
1076 1993 1115 2036 ac
1136 1977 1213 2056 post

201 2058 299 2142 paulo
324 2057 493 2142 cognoscit
515 2055 657 2121 Marium
680 2078 719 2120 ex
741 2056 856 2121 itinere
878 2055 1115 2123 frumentatum
1139 2082 1213 2125 cum

201 2146 313 2230 paucis
338 2145 526 2210 cohortibus
544 2143 670 2209 Siccam
693 2144 837 2228 missum,
861 2146 947 2229 quod
971 2147 1126 2230 oppidum
1148 2149 1212 2232 pri·

203 2256 293 2297 mum
316 2234 461 2298 omnium
482 2237 559 2315 post
582 2233 702 2296 malam
724 2254 867 2317 pugnam
886 2234 926 2297 ab
946 2255 1022 2319 rege
1041 2234 1212 2300 defecerat.

165 2335 241 2384 411
266 2342 339 2384 cum
366 2319 499 2384 delectis
523 2320 688 2402 equitibus
711 2325 810 2385 noctu
833 2321 942 2406 pergit
970 2326 1003 2386 et
1029 2322 1096 2386 iam
1124 2344 1213 2408 egre

203 2407 366 2471 dientibus
381 2406 538 2471 Romanis
552 2408 588 2470 in
601 2411 697 2489 porta
711 2428 855 2492 pugnam
868 2408 957 2493 facit,
977 2410 1073 2474 simul
1093 2431 1213 2496 magna

202 2516 279 2559 voce
304 2492 463 2559 Siccensis
486 2493 647 2579 hortatur,
669 2495 719 2558 uti
738 2496 882 2561 cohortis
904 2497 943 2561 ab
964 2501 1058 2583 tergo
1077 2498 1211 2564 circum-

202 2582 347 2649 veniant:
369 2583 535 2647 fortunam
553 2581 619 2646 illis
638 2583 797 2665 praeclari
814 2584 968 2649 facinoris
987 2607 1098 2650 casum
1121 2587 1212 2671 dane,

203 2672 231 2736 si
254 2671 288 2734 id
310 2671 459 2754 fecerint,
481 2675 597 2755 postea
620 2693 689 2735 sese
712 2672 746 2735 in
769 2692 879 2757 regno,
902 2673 977 2738 illos
1000 2674 1035 2738 in
1056 2674 1211 2738 libertate

167 2760 272 2824 tsine
301 2765 391 2824 metu
420 2763 561 2824 aetatem
590 2763 728 2824 acturos.
775 2781 812 2824 aa
837 2759 872 2824 ni
895 2760 1018 2825 Marius
1047 2761 1142 2847 signa
1165 2762 1211 2826 in·

202 2847 286 2911 ferre
318 2852 415 2930 atque
450 2847 582 2911 evadere
620 2847 738 2931 oppido
774 2849 1027 2933 properavisset,
1062 2849 1211 2933 profecto

203 2934 311 2999 cuncti
335 2939 392 2998 aut
415 2954 534 3018 magna
556 2956 631 3017 pars
648 2933 846 3000 Siccensium
864 2936 961 3000 fidem
980 2937 1211 3002 mutavissent:

168 3025 296 3086 etanta
322 3022 506 3086 mobilitate
536 3043 606 3086 sese
634 3021 794 3087 Numidae
824 3029 950 3109 gerunt.
1001 3025 1056 3089 sed
1088 3025 1212 3089 milites

202 3109 406 3196 Iugurthini,
437 3110 603 3194 paulisper
631 3111 672 3174 ab
704 3130 780 3195 rege
812 3112 1003 3196 sustentati,
1034 3117 1212 3196 postquam

203 3199 324 3263 maiore
347 3199 379 3262 vi
402 3199 514 3263 hostes
537 3203 669 3284 urgent,
696 3199 808 3283 paucis
837 3199 965 3264 amissis
994 3199 1125 3286 profugi
1149 3201 1212 3264 dis·

204 3288 329 3352 cedunt.

149 3370 191 3437 57
270 3374 392 3439 Marius
413 3376 453 3439 ad
472 3375 603 3440 Zamam
622 3375 776 3460 pervenit.
807 3375 841 3439 id
861 3376 1023 3459 oppidum,
1042 3375 1076 3440 in
1095 3398 1212 3461 campo

205 3461 313 3547 situm,
332 3462 436 3547 magis
452 3485 547 3547 opere
565 3486 662 3550 quam
679 3467 797 3528 natura
811 3463 972 3528 munitum
992 3468 1070 3548 erat,
1087 3464 1211 3529 nullius
