2542 4192
144 284 188 348 92
472 281 500 336 Ο.
521 280 692 336 SALLUSTI
711 280 827 336 CRISPI

146 431 317 514 gnoverat,
345 426 525 491 interfectis
549 427 632 490 iram
655 426 875 509 obpresserat,
901 448 1030 509 nequa
1053 448 1092 491 ex
1119 449 1159 492 eo

110 516 279 602 anegotio
304 514 421 579 seditio
445 519 600 579 oreretur.
644 535 749 596 neque
776 517 853 596 post
879 513 913 577 id
934 513 1083 579 locorum
1105 515 1160 580 Iu-

147 601 1161 690 mmmmmfflmmemffi

147 714 208 776 que
233 691 366 754 mortali
389 690 540 773 cuiquam
564 693 621 754 aut
643 690 784 773 tempori
808 690 888 754 satis
912 690 1053 774 credere,
1076 691 1159 756 civis

145 779 316 861 hostisque
352 779 445 843 iuxta
480 782 639 862 metuero,
675 778 944 861 circumspectare
981 778 1091 843 omnia
1125 784 1161 844 et

64 908 69 914 -
147 867 237 931 omni
266 867 406 950 strepitu
429 887 614 950 pavescere,
644 866 708 930 alio
732 864 830 949 atquc
854 866 918 930 alio
946 866 1033 950 loco,
1061 889 1160 951 saepe

147 959 261 1030 contra
275 955 371 1019 decus
381 955 517 1040 regium,
530 958 631 1019 noctu
640 954 850 1037 requiescere,
864 953 1029 1019 interdum
1041 976 1159 1020 somno

147 1043 271 1108 excitus
295 1043 434 1126 arreptis
458 1042 557 1106 armis
580 1042 757 1106 tumultum
775 1041 895 1107 facere:
917 1042 966 1107 ita
983 1041 1160 1108 formidine

148 1131 241 1214 quasi
262 1132 413 1196 vecordia
435 1130 603 1216 exagitari.

96 1219 138 1284 73
214 1218 323 1304 Igitur
345 1217 507 1302 Metellus,
529 1218 587 1281 ubi
609 1217 647 1282 de
672 1239 748 1284 casu
766 1218 960 1282 Bomilcaris
984 1222 1018 1283 et
1036 1219 1160 1285 indicio

147 1306 313 1391 patefacto
341 1327 380 1370 ex
407 1305 552 1391 perfugis
580 1306 748 1391 cognovit,
780 1328 893 1371 rursus
921 1312 1089 1390 tamquam
1117 1309 1160 1372 ad

113 1395 313 1479 aintegrum
340 1394 463 1459 bellum
493 1397 610 1459 cuncta
636 1397 732 1478 parat
762 1393 969 1477 festinatque.
1015 1393 1159 1460 Marium

149 1482 347 1568 fatigantem
368 1483 408 1546 de
430 1481 641 1567 profectione,
664 1483 762 1547 simul
785 1485 818 1547 et
840 1482 980 1548 invitum
1004 1486 1038 1547 et
1060 1483 1160 1548 offen·

115 1587 130 1634 3
151 1592 224 1635 sum
248 1571 312 1635 sibi
333 1592 450 1655 parum
472 1571 626 1635 idoneum
648 1575 749 1654 ratus,
772 1570 905 1634 domum
928 1571 1076 1637 dimittit.
1124 1577 1160 1636 et

149 1658 272 1724 Romae
286 1659 398 1742 plebes
412 1658 543 1742 litteris,
562 1680 644 1741 quae
658 1658 697 1722 de
710 1657 844 1722 Metello
864 1681 902 1723 ac
916 1657 1021 1723 Mario
1038 1660 1159 1724 missae

149 1751 251 1830 erant,
275 1746 415 1831 cognitis
439 1745 562 1810 volenti
586 1746 694 1810 animo
717 1746 757 1810 de
776 1747 935 1811 ambobus
957 1753 1159 1831 acceperant.

114 1848 131 1896 4
149 1834 340 1917 imperatori
362 1833 531 1915 nobilitas,
560 1854 641 1917 quae
669 1838 766 1898 antea
788 1835 896 1899 decori
918 1834 995 1919 fuit,
1017 1835 1160 1901 invidiae

150 1942 235 2006 esse3
253 1925 288 1985 at
306 1920 355 1984 illi
375 1919 471 1984 alteri
489 1921 617 2005 generis
635 1921 805 1986 humilitas
824 1922 969 1987 favorem
982 1922 1160 1989 addiderat.

151 2013 295 2075 ceterum
317 2008 352 2074 in
373 2012 513 2092 utroque
537 2009 641 2095 magis
660 2009 769 2074 studia
791 2011 935 2094 partium
956 2032 1053 2094 quam
1071 2012 1161 2078 bona

115 2112 131 2161 5
151 2101 209 2162 aut
232 2099 318 2162 mala
341 2118 400 2162 sua
422 2098 598 2162 moderata.
633 2102 801 2182 praeterea
821 2099 968 2163 seditiosi
987 2100 1161 2185 magistra-

150 2189 205 2250 tus
224 2187 358 2272 volgum
381 2186 560 2271 exagitare,
583 2185 753 2250 Metellum
776 2187 926 2251 omnibus
951 2187 1159 2253 contionibus

152 2274 269 2357 capitis
292 2295 468 2358 arcessere,
496 2273 581 2339 Mari
608 2274 765 2338 virtutem
791 2275 827 2339 in
854 2275 959 2339 maius
987 2275 1160 2341 celebrare.

116 2361 289 2444 odeniquc
316 2362 428 2444 plebes
456 2361 504 2426 sic
532 2383 679 2445 accensa,
710 2363 761 2426 uti
789 2363 920 2446 opifices
948 2366 1160 2448 agrestesque

153 2470 282 2532 omnes,
309 2469 448 2531 quorum
475 2470 526 2513 res
548 2449 692 2532 fidesque
720 2450 754 2513 in
777 2451 926 2515 manibus
951 2451 1033 2516 sitae
1057 2458 1160 2537 erant,

151 2536 274 2601 relictis
298 2535 449 2620 operibus
478 2535 723 2619 frequentarent
745 2537 886 2604 Marium
913 2543 946 2603 et
970 2561 1029 2604 sua
1050 2561 1160 2605 neces·

118 2643 133 2692 7
153 2623 239 2689 saria
260 2629 337 2709 post
359 2624 447 2689 illius
469 2625 628 2690 honorem
650 2625 813 2691 ducerent.
858 2628 907 2691 ita
933 2627 1082 2710 perculsa
1104 2650 1160 2693 no·

151 2712 281 2778 bilitate
313 2717 390 2798 post
417 2713 536 2778 multas
567 2719 779 2798 tempestates
812 2737 896 2780 novo
928 2715 1053 2780 homini
1086 2738 1161 2781 con-

153 2801 278 2866 sulatus
298 2802 479 2866 mandatur.
511 2806 545 2866 et
562 2806 678 2887 postea
696 2803 836 2886 populus
860 2803 1030 2868 atribuno
1053 2804 1160 2887 plebis

152 2888 188 2953 Τ.
202 2888 324 2954 Manlio
339 2889 490 2954 Mancino
509 2895 654 2975 rogatus,
678 2912 773 2973 quem
792 2890 891 2956 vellet
910 2913 984 2956 cum
997 2890 1161 2976 Iugurtha

152 2976 275 3056 bellum
297 2997 419 3061 gerere,
441 2977 593 3060 frequens
607 2977 749 3042 Marium
767 2978 873 3044 iussit.
905 2980 961 3043 sed
975 2980 1073 3063 paulo
1084 3028 1159 3044 ......

153 3065 353 3129 decreverat:
376 3087 415 3128 ea
437 3086 488 3128 res
511 3064 635 3130 frustra
656 3065 728 3130 fuit.

101 3153 144 3217 74
241 3151 367 3217 Ilodem
385 3158 532 3237 tempore
550 3152 711 3240 Iugurtha
730 3155 859 3219 amissis
879 3155 1002 3240 amicis,
1021 3176 1160 3238 quorum

152 3242 324 3326 plerosque
354 3241 424 3326 ipse
453 3247 641 3326 necaverat,
673 3242 773 3308 ceteri
804 3241 976 3308 formidine
1010 3265 1086 3326 pars
1119 3243 1161 3308 ad

153 3328 332 3413 Romanos,
364 3330 421 3395 alii
445 3331 485 3394 ad
508 3350 619 3415 regem
641 3330 808 3395 Bocchum
829 3330 1057 3416 profugerant,
1085 3353 1160 3395 cum

151 3439 256 3500 neque
274 3418 397 3483 bellum
416 3419 486 3503 geri
505 3418 574 3483 sino
598 3418 799 3483 administris
818 3423 931 3502 posset
949 3423 983 3483 et
1000 3440 1161 3483 novorum

152 3505 250 3569 fidem
277 3507 312 3570 in
335 3511 428 3571 tanta
451 3506 586 3590 perfidia
607 3510 754 3571 veterum
777 3507 915 3590 experiri
942 3507 1162 3589 periculosum

153 3594 298 3678 duceret,
330 3595 438 3659 varius
467 3595 674 3678 incertusque
702 3594 859 3680 agitabat.
903 3616 1008 3677 neque
1036 3595 1086 3658 illi
1109 3617 1163 3661 res
