2542 4192
156 285 221 351 134
481 285 509 340 O.
529 284 702 340 SALLUSTI
719 285 838 340 CRISPI

155 433 249 497 vobis
273 451 369 516 agere
393 433 449 495 aut
471 451 539 496 non
561 452 656 516 agere
680 434 766 496 certe
789 431 939 516 possitis,
969 431 1083 498 Iovem
1111 437 1169 499 aut

105 521 257 584 realium
290 540 385 602 quem
417 519 512 583 deum
545 519 764 585 consultorem
801 519 1004 602 expectatis?
1047 542 1169 606 magna

156 609 214 672 illa
228 607 398 673 consulum
411 607 548 691 imperia
562 612 595 672 et
608 611 740 692 patrum
758 608 888 672 decreta
905 629 964 673 vos
979 610 1168 692 exequendo

156 700 229 760 rata
252 695 391 780 efficitis,
416 695 569 780 Quirites,
592 695 743 779 ultroque
765 695 933 760 licentiam
955 696 991 760 in
1012 718 1072 761 vos
1096 719 1169 762 aue-

106 788 228 850 1111111
252 787 350 868 atque
373 782 520 848 adiutum
541 784 734 868 properabis,
770 805 874 868 neque
898 804 959 868 ego
977 806 1036 850 vos
1059 785 1168 850 ultum

156 872 292 937 iniurias
324 872 453 955 hortor,
484 871 590 956 magis
618 871 669 935 uti
700 872 846 955 requiem
877 871 1031 957 cupiatis,
1061 895 1168 958 neque

157 960 412 1044 discordias,.uti
429 960 480 1023 illi
498 959 720 1043 criminantur,
739 961 794 1024 sed
812 981 923 1024 earum
941 960 1040 1025 finem
1053 961 1167 1026 volens

156 1048 226 1113 iure
249 1049 397 1134 gentium
420 1070 471 1113 res
495 1051 605 1131 repeto
630 1051 672 1132 et,
696 1048 724 1112 11
742 1048 954 1131 pertinaciter
971 1049 1167 1134 retinebunt,

155 1159 224 1202 non
237 1158 328 1201 arma
340 1157 444 1219 neque
461 1136 684 1220 secessionem,
702 1140 833 1201 tantum
850 1136 947 1201 modo
965 1158 1006 1201 ne
1025 1138 1166 1221 amplius

107 1241 138 1290 18
159 1225 351 1310 sanguinem
373 1228 522 1289 vostrum
544 1223 742 1309 praebeatis,
776 1225 923 1289 censebo.
969 1229 1087 1310 gerant
1113 1226 1168 1291 ha·

158 1315 322 1396 beantque
346 1333 404 1376 suo
428 1312 524 1376 modo
545 1312 691 1397 imperia,
715 1315 871 1396 quaerant
890 1312 1085 1397 triumphos,
1109 1313 1167 1378 Mi-

156 1401 334 1465 thridatem
351 1397 533 1464 Sertorium
555 1403 589 1465 et
606 1401 761 1484 reliquias
780 1401 910 1465 exulum
928 1406 1167 1485 persequantur

156 1511 231 1554 curn
248 1488 446 1574 imaginibus
471 1489 552 1553 suis:
576 1489 664 1553 absit
680 1489 861 1572 periculum
880 1493 913 1554 11
931 1488 1024 1554 labos
1047 1490 1166 1573 quibus

106 1593 138 1642 19
155 1578 247 1642 nulla
268 1599 344 1661 pars
367 1576 493 1641 fructus
516 1581 575 1641 est.
619 1576 685 1641 nisi
711 1576 797 1643 forte
820 1577 990 1661 repentina
1012 1576 1080 1642 ista
1102 1579 1166 1645 fru-

157 1666 317 1730 mentaria
343 1665 415 1750 lege
448 1665 559 1729 munia
589 1668 700 1730 vostra
726 1668 913 1748 pensantur.
960 1686 1024 1748 qua
1055 1670 1167 1733 tamen

158 1753 265 1837 quinis
298 1752 414 1816 modiis
446 1753 633 1817 libertatem
665 1753 810 1818 omnium
842 1756 1078 1839 aestumavere,
1112 1755 1167 1838 qui

156 1840 303 1924 profecto
321 1861 389 1904 non
406 1839 545 1923 amplius
563 1845 702 1923 possunt
720 1841 884 1906 alimentis
903 1842 1050 1908 carceris.
1077 1865 1166 1910 nam·

157 1950 219 2012 que
251 1931 288 1992 ut
319 1927 385 1991 illis
419 1927 597 2013 exiguitate
629 1950 717 1993 mors
750 1929 957 2014 prohibetur,
992 1934 1167 1996 senescunt

156 2016 251 2101 vires,
274 2016 321 2081 sie
343 2037 447 2100 neque
471 2016 612 2081 absolvit
635 2038 712 2081 cura
734 2016 889 2082 familiari
908 2021 976 2082 tam
993 2040 1097 2101 parva
1115 2041 1165 2083 res

104 2123 138 2171 1ο
157 2109 190 2170 11
207 2105 373 2190 ignaviam
396 2105 550 2189 cuiusque
568 2105 771 2169 tenuissuma
789 2127 845 2189 spe
863 2105 1049 2171 frustratur.
1084 2129 1166 2191 quae

156 2198 268 2258 tamen
291 2193 439 2277 quamvis
463 2193 571 2276 ampla
595 2193 748 2276 quoniam
767 2193 880 2258 serviti
898 2194 1041 2277 pretium
1060 2200 1167 2260 osten·

156 2285 291 2365 teretur,
315 2281 406 2346 cuius
430 2281 610 2364 torpedinis
635 2285 705 2346 erat
728 2281 833 2370 decipi
856 2286 890 2346 et
912 2286 1098 2347 vostrarum
1120 2305 1167 2348 re

156 2392 229 2433 rum
255 2369 343 2433 ultro
371 2368 507 2434 iniuriae
535 2369 677 2454 gratiam
700 2369 837 2434 debere?
884 2370 1043 2436 cavendus
1072 2371 1165 2436 dolus

18 2518 21 2523 .
103 2460 216 2521 11111.
259 2477 400 2539 namque
432 2456 496 2520 alio
529 2457 624 2521 modo
653 2479 757 2540 neque
789 2457 898 2522 valent
929 2458 965 2523 in
992 2458 1165 2524 univorsos

155 2566 260 2628 neque
277 2545 488 2634 conabuntur.
514 2544 625 2628 itaque
641 2545 738 2609 simul
753 2549 931 2629 conparant
949 2546 1167 2611 delenimenta

156 2637 189 2698 11
208 2632 361 2698 differunt
379 2653 436 2698 vos
454 2633 490 2697 in
508 2633 682 2698 adrentum
699 2631 755 2698 On.
769 2632 915 2718 Pompei,
934 2655 1030 2717 quem
1047 2634 1166 2719 ipsum,

155 2723 212 2786 ubi
225 2722 431 2806 pertimuere,
450 2722 616 2786 sublatum
629 2721 665 2785 in
678 2721 818 2789 cervices
838 2744 922 2806 suas,
940 2743 1017 2785 mox
1032 2722 1165 2806 dempto

102 2826 136 2875 11
155 2814 245 2874 metu
263 2810 417 2874 lacerant.
445 2831 549 2893 neque
569 2831 624 2874 eos
642 2810 751 2894 pudet,
774 2809 916 2875 vindices
934 2809 985 2873 uti
1003 2831 1037 2874 se
1054 2809 1166 2875 ferrmt

154 2898 333 2981 libertatis,
360 2902 412 2962 tot
434 2897 522 2963 viros
553 2898 621 2963 sine
649 2919 713 2962 uno
742 2900 799 2961 aut
821 2897 988 2962 remittere
1011 2897 1166 2963 iniuriam

102 3002 136 3050 13
154 3008 221 3050 non
244 2986 360 3050 audere
390 2989 448 3050 aut
474 2986 525 3050 ius
552 3007 619 3051 non
644 3006 741 3069 posse
768 2984 946 3050 defendere.
991 2985 1075 3050 mihi
1098 2986 1166 3070 qui-

155 3074 228 3138 dem
260 3074 341 3138 satis
370 3077 554 3157 spectatum
581 3076 632 3139 est
659 3073 864 3157 Pompeium,
895 3075 1007 3138 tantae
1039 3074 1168 3159 gloriae

155 3162 408 3245 adulescentem,
434 3161 531 3225 malle
558 3161 739 3245 prinoipem
767 3160 952 3226 volentibus
975 3161 1070 3226 vobis
1094 3184 1165 3227 esse

155 3273 252 3335 quam
271 3250 337 3315 illis
356 3249 587 3314 dominationis
607 3249 732 3315 socium
750 3253 977 3332 auctoremque
997 3249 1032 3312 in
1048 3249 1166 3332 primis

100 3355 135 3404 14
152 3339 222 3404 fore
254 3339 448 3403 tribuniciae
479 3337 665 3422 potestatis.
713 3359 839 3422 verum,
871 3337 1030 3438 Quirites,
1068 3341 1165 3403 antea

151 3426 854 3599 iustitiis.plusieurs
868 3427 1167 3600 tietmar

152 3602 233 3666 talia
254 3624 338 3668 unus
360 3605 500 3687 poterat.
