2542 4192
297 231 446 288 BELLUM
464 233 660 289 CATILINAE
679 250 701 289 c.
721 240 833 290 31-35.
1031 234 1072 299 19

64 384 174 444 torum
187 376 333 461 plerique
346 378 472 462 patriae
487 377 581 458 sedis,
595 399 707 442 omnes
721 378 809 441 fama
822 382 919 461 atque
931 379 1071 443 fortunis

64 469 212 550 expertes
235 487 356 529 sumus.
396 487 500 548 neque
524 465 675 549 cuiquam
696 470 846 530 nostrum
868 466 962 531 licuit
982 488 1072 531 more

63 555 224 619 maiorum
237 554 310 638 lege
324 553 374 617 uti
386 574 491 636 neque
505 554 625 617 amisso
639 553 836 637 patrimonio
851 554 990 618 liberum
1004 577 1072 619 cor-

62 664 125 726 pus
137 642 271 706 habere:
290 644 384 704 tanta
398 641 533 704 saevitia
545 640 786 705 faeneratorum
799 645 897 724 atque
910 642 1071 727 praetoris

63 730 137 795 fuit.
169 751 264 812 saepe
282 729 422 792 maiores
441 733 597 811 vostrum,
616 729 755 793 miseriti
772 729 877 812 plebis
896 730 1071 814 Romanae,
1090 745 1106 794 a

63 817 202 882 decretis
222 816 289 881 suis
307 817 435 900 inopiae
454 816 523 880 eius
547 817 708 900 opitulati·
722 821 807 901 sunt,
831 839 868 881 ac
885 818 1071 883 novissume

63 904 221 971 memoria
242 908 357 968 nostra
369 908 504 987 propter
522 904 779 989 magnitudinem
797 905 881 968 aeris
903 906 1000 971 alieni
1018 928 1072 971 vo-

63 993 207 1058 lentibus
217 992 367 1057 omnibus
377 992 472 1056 bonis
482 996 656 1076 argentum
665 1014 739 1056 aere
749 993 894 1057 solutum
903 997 961 1057 111.
976 1016 1070 1077 saepe
1090 1009 1106 1057 1

64 1082 137 1165 ipsa
149 1080 257 1164 plebs,
280 1083 338 1143 aut
359 1080 545 1144 dominandi
563 1080 671 1145 studio
685 1083 835 1164 permota
848 1085 906 1144 aut
920 1082 1071 1164 superbia

64 1169 326 1253 magistratuum,
348 1172 474 1232 armata
492 1190 512 1231 a
529 1168 677 1251 patribus
697 1169 839 1232 secessit.
871 1173 906 1232 at
923 1190 983 1233 nos
1005 1191 1072 1233 non
1091 1185 1107 1232 4

63 1255 236 1340 imperium
253 1277 357 1339 neque
376 1256 505 1320 divitias
525 1256 677 1339 petimus,
695 1278 832 1340 quarum
850 1278 959 1321 rerum
975 1279 1072 1322 causa

64 1344 151 1408 bella
174 1347 271 1426 atque
294 1343 473 1408 certamina
496 1344 605 1407 omnia
626 1343 711 1406 inter
734 1344 883 1408 mortalis
906 1349 992 1429 sunt,
1016 1346 1072 1410 sed

63 1432 263 1514 libertatem,
286 1453 385 1514 quam
406 1453 501 1495 nemo
525 1431 630 1495 bonus
652 1431 717 1494 nisi
739 1453 813 1495 oum
838 1433 947 1496 anima
974 1431 1071 1497 simul

64 1519 199 1583 amittit.
252 1523 285 1582 te
317 1523 415 1602 atque
452 1521 602 1583 senatum
638 1519 856 1601 obtestamur,
893 1521 1106 1584 consulatiss

65 1607 193 1672 miseris
216 1607 349 1690 11111111,
371 1606 454 1691 legis
473 1606 679 1689 praesidium,
702 1607 789 1690 quod
806 1606 963 1690 iniquitas
981 1628 1071 1691 prae-

64 1695 146 1760 toris
161 1694 288 1778 eripuit,
307 1694 499 1777 restituatis,
512 1716 592 1759 neve
605 1695 701 1759 nobis
716 1716 788 1758 eam
800 1695 1072 1759 necessitudinem

65 1783 239 1867 inponatis,
261 1787 300 1847 ut
322 1803 528 1865 quaeramus,
551 1804 693 1865 quonam
715 1783 810 1847 modo
834 1805 984 1848 maxume
1007 1783 1071 1848 ulti

64 1871 255 1956 sanguinem
276 1874 426 1935 nostrum
448 1869 637 1954 pereamus?

130 1958 183 2023 Ad
208 1958 289 2023 haec
318 1957 355 2034 Q.
377 1958 518 2022 Marcius
541 1959 717 2041 respondit,
740 1958 769 2022 si
792 1959 869 2040 quid
893 1960 933 2022 ab
957 1963 1071 2023 senatu
1082 1958 1125 2022 34

64 2051 174 2130 petere
198 2046 331 2130 vellent,
354 2047 394 2110 ab
419 2047 518 2110 armis
541 2047 721 2127 discedant,
744 2045 883 2109 Romam
909 2047 1071 2129 supplices

63 2134 324 2218 proficiscantur:
347 2156 385 2198 ea
407 2134 652 2197 mansuetudine
671 2136 767 2214 atque
787 2132 1008 2196 misericordia
1026 2155 1072 2197 se-

63 2224 177 2286 natum
195 2222 309 2306 populi
322 2221 462 2286 Romani
481 2243 608 2303 semper
626 2219 734 2303 fuisse,
752 2223 790 2283 ut
807 2241 902 2284 nemo
917 2242 1072 2306 umquam

65 2311 106 2374 ab
130 2332 167 2375 eo
190 2311 315 2374 frustra
336 2309 493 2374 auxilium
515 2308 676 2392 petiverit.
733 2381 745 2392 ..

130 2397 178 2463 At
196 2396 338 2462 Catilina
355 2419 395 2462 ex
413 2397 528 2461 itinere
546 2391 709 2480 plerisque
728 2395 960 2481 consularibus,
982 2419 1071 2481 prae·
1090 2413 1106 2459 2

65 2491 154 2550 terea
182 2488 316 2568 optumo
344 2485 458 2568 cuique
485 2486 614 2550 litteras
641 2484 759 2548 mittit:
789 2493 823 2548 11
851 2483 943 2549 falsis
967 2486 1072 2549 orimi-

64 2574 160 2638 nibus
184 2574 446 2655 circumventum,
470 2573 623 2657 quoniam
642 2571 778 2636 factioni
797 2571 1002 2636 inimicorum
1024 2594 1072 2637 re·

65 2662 180 2726 sistere
193 2660 384 2745 nequiverit,
397 2660 547 2724 fortunae
562 2661 682 2742 cedere,
695 2658 877 2722 Massiliam
890 2659 925 2722 in
938 2659 1071 2722 exilium

64 2749 240 2834 proficisci,
266 2771 333 2813 non
356 2769 420 2831 quo
448 2748 511 2812 sibi
539 2746 624 2811 tanti
653 2746 782 2810 sceleris
806 2745 953 2809 conscius
977 2750 1071 2829 esset,

65 2837 123 2902 sed
143 2837 194 2901 111
216 2858 268 2901 111
290 2837 422 2920 publica
445 2836 555 2920 quieta
581 2834 667 2898 foret
692 2854 773 2898 neve
801 2855 840 2897 ex
862 2854 921 2897 sua
943 2837 1072 2898 conten-

66 2925 154 2989 tione
177 2924 294 2989 seditio
318 2928 471 2988 oreretur.
517 2924 557 2987 ab
579 2923 632 2987 his
654 2922 750 3006 longe
775 2921 919 2986 divorsas
943 2922 1070 2987 litteras
1090 2937 1106 2985 3

67 3011 104 3088 Q.
128 3010 263 3077 Catulus
286 3012 321 3076 in
343 3017 458 3077 senatu
480 3011 642 3093 recitavit,
670 3032 751 3094 quas
774 3009 838 3081 sibi
859 3010 990 3074 nomine
1014 3009 1072 3074 Ca·

67 3100 179 3165 tilinae
202 3100 344 3164 redditas
368 3100 505 3164 dicebat.
535 3120 645 3162 earum
663 3099 846 3181 exemplum
864 3097 950 3162 infra
972 3098 1071 3180 scrip-

66 3191 138 3252 tum
161 3192 220 3253 est.

132 3275 179 3340 ‘L.
203 3274 345 3341 Catilina
368 3275 405 3352 Q.
425 3274 550 3339 Catulo.
581 3274 726 3359 Egregia
755 3277 812 3337 tua
843 3272 932 3354 fides,
964 3293 998 3334 11
1022 3292 1071 3335 co·
1082 3271 1124 3336 35

66 3364 171 3448 gnita,
198 3369 295 3449 grata
316 3363 397 3427 mihi
419 3363 547 3447 magnis
569 3363 605 3426 in
626 3362 707 3425 meis
730 3359 895 3443 periculis,
921 3358 1073 3422 fiduciam

66 3451 338 3516 commendationi
369 3472 459 3515 meae
490 3451 616 3514 tribuit.
665 3470 763 3531 quam
796 3448 838 3511 ob
870 3467 940 3509 rem
967 3446 1106 3511 defen-a

66 3540 191 3604 sionem
217 3540 252 3605 in
277 3561 363 3604 1111
391 3538 526 3604 11111111
552 3560 620 3602 111
647 3534 748 3600 111111
770 3556 898 3619 parare:
926 3534 1072 3600 satisfac·

875 3638 910 3692 2*
