2542 4192
111 297 202 352 XVIII
395 296 444 350 DE
463 294 492 351 (l.
513 293 706 350 SALLUSTIO
727 294 851 350 ORISPO

177 445 251 506 Sco.
275 462 353 504 suas.
377 447 406 511 6,
429 447 486 505 21:

112 533 231 610 quoties
258 531 363 608 magni
391 531 519 590 alicuius
549 531 607 590 viri
637 551 716 591 mors
751 532 787 590 ab
817 531 967 591 historicis
983 536 1123 596 narrata

112 624 172 697 est,
199 621 290 680 toties
319 620 381 678 fere
405 619 622 679 consummatio
644 619 740 678 totins
767 619 848 679 vitae
873 623 904 679 et
926 621 1013 696 qnasi
1036 621 1122 679 fune-

111 708 173 767 bris
199 707 336 767 laudatio
365 707 510 766 redditur.
555 707 611 766 hoc
634 708 726 766 semel
753 709 807 765 aut
829 707 940 766 iterum
962 727 980 766 a
1003 708 1121 784 Thucy-

111 797 180 855 dide
203 797 331 872 factum,
359 795 433 854 item
460 795 492 853 in
519 794 707 870 paucissimis
734 795 870 871 personis
899 799 1122 872 usurpatum'a

111 884 267 960 Sallustio,
292 884 324 941 T.
344 883 448 943 Livius
466 882 626 959 benignius
645 882 782 941 omnibus
800 883 917 960 magnis
940 883 1012 943 viris
1034 902 1122 959 prae·

111 972 206 1032 stitit:
231 974 391 1049 sequentes
413 970 549 1030 historici
571 971 668 1029 multo
690 969 722 1028 id
746 970 869 1030 effusius
892 972 1037 1031 fecerunt.

105 1146 108 1151 ·
176 1114 219 1172 id.
244 1117 331 1171 ccalr.
355 1112 419 1187 III
432 1129 481 1184 pr.
504 1112 538 1168 8.·

111 1200 259 1261 orationes
284 1198 433 1268 Sallustii,
446 1198 478 1256 in
499 1198 643 1257 honorem
665 1198 861 1257 historiarum
883 1199 1028 1276 leguntur

175 1341 249 1400 Iast.
272 1341 336 1399 hist
358 1339 434 1397 Phil.
460 1338 650 1397 XXXVIII
668 1339 698 1406 3,
722 1340 781 1396 11.-

110 1421 318 1503 (Pompeiu's
342 1417 496 1506 Trogus)
519 1425 551 1485 in
573 1425 660 1487 Livio
685 1426 769 1484 etin
793 1425 938 1485 Sallustio
961 1429 1119 1504 reprehen-

111 1515 163 1591 dit,
187 1514 444 1592 quod'contiones
472 1514 601 1574 directas
629 1533 684 1590 pro
713 1532 768 1572 sua
792 1511 959 1591 [proprisi]
984 1517 1119 1577 oratione

110 1603 199 1680 operi·
216 1620 270 1662 suo
293 1601 451 1662 inserendo
473 1603 617 1662 historiae
640 1602 763 1661 modum
785 1603 973 1662 excesserint.

177 1743 270 1801 Gran.
294 1743 389 1800 Liria.
414 1740 563 1801 XXXVI
583 1739 623 1814 (p.
647 1743 688 1799 43
710 1741 837 1815 Boram:
877 1807 885 1825 .

110 1828 342 1889 ..Sallustium
364 1847 424 1887 non
446 1831 483 1887 ut
505 1828 681 1888 historicum
704 1829 870 1889 scribunt
893 1831 945 1890 sed
967 1835 1004 1891 ut
1022 1838 1119 1894 orato·

109 1937 172 1976 rem
194 1916 363 1994 legendum.
409 1935 479 1974 nam
507 1919 538 1975 et
559 1919 696 1993 tempora
723 1917 915 1993 reprehendit
938 1937 994 1978 sua
1016 1924 1046 1980 et
1067 1923 1118 1981 de·

108 2006 182 2064 licta
205 2000 368 2080 [delectat]
392 2005 489 2080 carpit
510 2007 541 2063 et
564 2005 716 2064 contiones
739 2005 846 2065 inserit
868 2009 899 2066 et
922 2006 974 2066 dat
996 2007 1028 2067 in
1051 2027 1118 2069 oen·

109 2111 176 2152 sum
197 2094 265 2152 loca
287 2095 403 2151 montes
426 2091 551 2150 flumina
578 2096 609 2152 et
631 2093 687 2151 hoc
711 2111 805 2170 genus
835 2112 960 2153 amoena
982 2098 1014 2154 et
1037 2099 1120 2157 culta

109 2185 140 2239 et
162 2183 308 2258 conparat
332 2179 529 2239 edisserendo.

174 2319 278 2380 Arica.
302 2338 344 2379 or.
367 2338 440 2379 mur.
464 2321 506 2379 36
528 2339 585 2394 sqq.
609 2320 712 2380 laudat
732 2321 853 2382 Sallusti

584 2407 721 2466 inolitam

268 2493 512 2570 descriptionem,
537 2513 597 2570 qua
619 2495 754 2553 locorum
775 2496 936 2557 formulam

267 2581 489 2658 imaginemque
514 2600 670 2658 expressor
692 2581 797 2642 efficax
820 2585 884 2643 stili

267 2673 298 2729 et
320 2669 457 2729 veritatis
474 2688 570 2745 paene
593 2669 625 2728 in
647 2670 774 2730 obtutus
796 2672 879 2732 dedit

267 2759 370 2834 lepore
393 2757 524 2834 linguae.

94 2969 96 2975 Ι
154 2897 248 2956 Sco.
270 2902 357 2957 contr.
380 2898 435 2957 IX
454 2900 482 2965 1,
506 2899 553 2956 13.
577 2900 632 2956 14:

107 2984 290 3059 Thucydidis
320 2982 424 3059 [ι’κιικσ
456 3002 490 3044 ια
520 2988 648 3045 aalma
675 2987 860 3047 Demostheni
890 2990 1039 3063 ασεικιρια
1067 2991 1122 3050 XI

100 3091 133 3146 p.
152 3071 213 3129 155
235 3071 272 3129 R.
295 3069 349 3146 13]
372 3072 520 3131 sententia
543 3075 601 3131 cst:
624 3071 718 3133 dccccl
740 3071 795 3154 γὰρ
819 3074 853 3134 αἱ
872 3074 1024 3156 εὐπραξίαι
1047 3092 1118 3158 σαγ-

104 3159 221 3240 κρύψαι
237 3156 287 3218 ool
305 3159 460 3219 συσκιάσαι
476 3157 512 3219 τὰ
531 3156 659 3220 ἑκάστων
677 3157 875 3242 ἁμαρτήματα.
913 3164 1040 3225 Sallusti
1056 3165 1116 3241 [or.

106 3250 178 3322 Lep.
191 3245 264 3322 24J:
287 3266 334 3307 res
359 3248 506 3307 secundae
524 3248 599 3307 mire
617 3251 689 3308 sunt
705 3249 788 3310 vitiis
807 3252 954 3327 optentui.
991 3271 1059 3311 cum
1077 3254 1118 3313 sit

105 3336 268 3413 praecipua
280 3336 313 3395 in
326 3335 500 3411 Thucydide
519 3335 616 3395 virtus
634 3335 775 3414 brevitas,
794 3338 850 3396 hac
869 3358 939 3397 enm
953 3339 1117 3400 Sallustius

105 3425 179 3484 vicit
201 3428 232 3484 et
254 3425 286 3482 in
310 3423 372 3483 suis
394 3425 481 3482 illurn
505 3424 611 3482 castrIs
633 3424 752 3501 cecidit3
780 3445 850 3484 nam
874 3471 880 3484 .
901 3471 907 3484 .
932 3445 968 3486 ex
991 3427 1118 3488 Sallusti

105 3511 255 3571 sententia
281 3512 357 3570 nihil
386 3500 465 3571 demi
495 3511 558 3570 sine
589 3511 767 3572 detrimento
797 3531 900 3572 sensus
928 3517 1037 3590 potest.
1085 3516 1118 3574 T.

99 3601 208 3657 autem
226 3599 351 3660 Livius
369 3603 433 3658 tam
454 3599 577 3676 iniquus
596 3599 741 3660 Sallustio
765 3601 836 3677 fult,
864 3603 900 3659 nt
922 3601 999 3660 hano
1020 3603 1120 3678 ipsam
1171 3616 1174 3624 ’
