2534 4162
265 222 413 278 BELLUM
430 222 690 279 IUGURTHINUM
708 241 730 279 c.
745 230 859 282 55-58.
1028 225 1070 290 83

63 367 189 432 idoneae
213 367 262 432 rei
285 388 397 453 egens,
426 367 526 432 armis
553 368 694 453 virisque
723 370 921 453 opulentum.
966 369 1104 455 igitura

62 454 210 520 Metellus
234 477 294 539 pro
317 459 464 539 tempore
488 460 586 540 atque
604 457 677 521 loco
696 458 820 541 paratis
838 458 935 522 rebus
954 462 1070 524 cuneta

61 543 185 608 moenia
204 543 349 608 exercitu
368 544 589 627 circumvenit,
607 545 725 630 legatis
744 545 892 630 imperat,
910 546 967 610 ubi
984 546 1070 630 quis·

60 654 116 715 que
140 635 280 697 curaret.
316 632 430 696 deinde
449 631 544 717 signo
568 634 644 697 dato
667 633 807 717 undique
831 634 928 698 simul
947 635 1104 699 clamore

58 721 171 805 ingens
196 719 315 803 oritur,
346 741 450 803 neque
478 740 591 784 cares
614 719 773 785 Numidas
803 725 918 786 terret:
950 722 1069 787 infensi

57 808 240 891 intentique
268 807 336 871 sine
366 808 512 872 tumultu
539 813 685 892 manent,
717 809 877 892 proelium
904 810 1067 894 incipitur.

56 895 197 961 Romani
220 917 280 980 pro
302 895 434 980 ingenio
458 896 595 979 quisque
622 918 697 980 pars
722 897 847 961 eminus
871 897 987 983 glande
1011 902 1105 963 11114

56 983 220 1068 lapidibus
239 1003 394 1068 pugnare,
417 983 473 1047 alii
492 983 661 1048 succedere
681 1006 718 1048 ae
737 1007 866 1050 murum
884 985 979 1049 modo
995 987 1067 1051 sub-

58 1073 164 1137 fodere
198 1071 294 1136 modo
318 1071 415 1136 scalis
443 1072 592 1156 aggredi,
620 1094 735 1156 cupere
763 1073 924 1157 proelium
946 1072 981 1136 in
1003 1095 1068 1137 ma-

56 1161 152 1225 nibus
175 1158 292 1224 facere.
338 1162 453 1224 contra
480 1180 518 1223 ea
545 1161 698 1244 oppidani
725 1161 760 1227 in
787 1182 962 1245 proxumos
991 1180 1103 1229 saxao

56 1248 196 1331 volvere,
220 1246 308 1311 sudis
327 1247 409 1331 pila,
431 1250 601 1331 praeterea
622 1249 728 1331 picem
747 1249 900 1333 sulphure
922 1252 955 1313 et
974 1250 1069 1313 taeda

57 1336 196 1400 mixtam
228 1334 355 1398 ardenti
386 1334 526 1399 mittere.
577 1336 632 1400 sed
658 1358 699 1399 ne
728 1336 803 1401 illos
837 1337 980 1421 quidem,
1013 1337 1104 1420 quis

56 1424 168 1509 procul
193 1426 393 1507 manserant,
416 1423 515 1487 timor
538 1423 638 1487 animi
661 1423 741 1487 satis
765 1425 960 1509 muniverat3
986 1446 1064 1490 nam

56 1513 231 1597 plerosque
258 1510 363 1574 iacula
391 1511 563 1575 tormentis
596 1515 653 1574 aut
686 1533 783 1575 manu
816 1513 934 1576 emissa
960 1513 1068 1577 volne-

57 1602 189 1682 rabant,
216 1599 351 1683 parique
373 1599 518 1683 periculo
547 1600 603 1663 sed
629 1597 718 1663 fama
740 1599 846 1683 inpari
869 1599 947 1665 boni
970 1604 1067 1683 atque

57 1688 167 1774 ignari
187 1690 288 1751 erant.

119 1775 212 1840 Dum
230 1773 316 1858 apud
334 1773 466 1838 Zamam
485 1775 532 1840 sie
551 1779 706 1860 certatur,
725 1775 886 1861 Iugurtha
905 1799 944 1840 ex
962 1777 1068 1861 inpro-
1078 1779 1120 1846 58

58 1866 124 1930 viso
158 1866 280 1928 castra.
295 1862 442 1926 hostium
474 1885 548 1927 curn
580 1885 699 1949 magna
726 1887 824 1929 manu
851 1864 989 1949 invadit;
1021 1887 1068 1931 re·

58 1951 166 2017 missis
197 1951 254 2034 qui
285 1950 320 2014 in
341 1951 502 2034 praesidio
526 1956 619 2016 111111
647 1957 680 2016 11
707 1954 816 2017 omnia
839 1954 944 2038 magis
968 1976 1066 2037 quam

57 2039 219 2125 proelium
251 2038 497 2121 expectantibus
529 2044 659 2122 portam
690 2040 857 2123 inrumpit.
904 2042 1101 2107 1111011111

57 2126 228 2212 repentino
247 2130 338 2190 metu
355 2127 496 2210 perculsi
515 2126 579 2190 sibi
598 2127 733 2210 quisque
751 2149 811 2211 pro
831 2128 975 2191 moribus
995 2149 1068 2193 eon-

58 2217 184 2282 sulnnt:
208 2214 264 2278 alii
281 2214 403 2299 fugere,
426 2214 483 2278 alii
506 2235 596 2277 arma
620 2235 744 2297 capere,
769 2234 887 2297 magna
907 2236 982 2296 pars
1001 2215 1067 2279 vol-

56 2303 163 2369 nerati
188 2306 245 2366 aut
268 2302 375 2367 occisi.
421 2306 566 2367 ceterum
593 2303 744 2365 exomni
771 2302 979 2367 multitudine
1002 2321 1101 2371 110113

58 2390 200 2475 amplius
220 2389 437 2474 quadraginta
459 2410 618 2454 memores
641 2389 781 2455 nominis
805 2389 945 2455 Romani
968 2412 1067 2477 grege

57 2480 145 2545 lacto
169 2479 279 2542 locum
302 2499 413 2560 cepere
436 2478 534 2562 paulo
563 2500 660 2561 quam
684 2478 740 2542 alii
763 2479 941 2563 editiorem,
964 2502 1067 2565 neque

57 2568 131 2632 inde
160 2587 313 2629 maxuma
338 2566 371 2629 vi
398 2566 515 2650 depelli
544 2567 728 2650 quiverunt,
761 2568 817 2632 sed
846 2569 912 2631 1111
941 2569 1066 2632 eminus

57 2656 159 2719 missa
178 2653 354 2736 remittere,
373 2654 468 2737 pauci
486 2654 521 2717 in
538 2654 686 2737 pluribus
707 2655 812 2718 minus
831 2654 997 2738 frustrari,
1016 2656 1068 2718 sin

57 2742 220 2808 Numidae
238 2741 372 2826 propius
392 2742 616 2826 adcessissent,
634 2743 681 2806 ibi
695 2763 770 2806 1110
785 2743 941 2805 virtutem
961 2746 1066 2805 osten-

57 2832 132 2895 dere
157 2834 191 2894 et
210 2850 264 2893 eos
284 2851 434 2893 maxuma
456 2830 489 2895 vi
509 2830 648 2913 caedere,
671 2828 804 2893 fundere
827 2833 924 2912 atque
943 2828 1065 2914 fugare.

56 2918 191 2983 interim
205 2916 357 2982 Metellus
377 2940 451 2982 cum
469 2939 633 2982 acerrume
652 2938 721 2981 rem
737 2921 873 3002 gereret,
893 2918 1067 2982 clamorem
1085 2935 1103 2985 4

57 3012 94 3072 ut
118 3006 299 3070 tumultum
320 3006 475 3071 hostilem
499 3028 519 3069 a
540 3009 634 3090 tergo
654 3006 792 3090 accepit,
816 3005 890 3070 dein
909 3028 1066 3073 convorso

57 3117 141 3178 equo
163 3094 394 3158 animadvortit
412 3093 525 3178 fugam
543 3094 583 3157 ad
603 3115 636 3157 se
653 3116 786 3158 10111111
806 3094 886 3179 fieri,
910 3117 991 3179 quae
1014 3118 1065 3160 111

56 3182 224 3246 indicabat
246 3183 412 3265 popularis
436 3202 516 3246 esse.
548 3181 651 3266 igitur
674 3182 857 3266 equitatum
880 3205 1008 3247 omnem
1026 3184 1100 3246 ads

57 3275 166 3334 castra
188 3292 325 3354 propere
349 3270 439 3334 misit
462 3291 499 3334 ac
523 3270 636 3333 statim
655 3268 689 3335 Ο.
704 3269 844 3333 Marium
863 3292 936 3334 cum
955 3270 1066 3334 cohor-

57 3359 148 3422 tibus
172 3358 343 3441 sociorum,
366 3379 504 3440 eumque
523 3357 705 3423 lacrumans
724 3379 782 3441 per
801 3357 979 3421 amicitiam
998 3378 1067 3439 per-

58 3468 120 3529 que
148 3469 217 3511 rem
248 3447 412 3529 publicam
445 3445 606 3530 obsecrat,
638 3467 678 3509 ne
708 3467 805 3528 quam
837 3445 1066 3509 contumeliam

57 3556 223 3600 remanere
247 3534 282 3600 in
305 3535 447 3599 exercitu
471 3535 593 3599 victore
613 3554 692 3597 neve
711 3532 816 3597 hostis
836 3532 957 3597 inultos
977 3533 1066 3598 abire

872 3635 908 3690 6*
