2542 4192
203 227 267 290 114
533 226 561 283 O.
582 225 754 282 SALLUSTI
772 226 888 282 CRISPI

200 370 332 434 barbari
355 370 480 434 animos
500 370 615 435 tollere
634 375 667 434 et
683 372 719 435 in
736 372 903 455 perculsos
917 371 1083 438 Romanos
1103 372 1218 437 acrius

165 458 356 522 aincedere.
400 457 530 541 iamque
553 459 686 542 paulum
709 482 728 523 a
750 459 830 544 fuga
852 460 997 543 aberant,
1021 482 1096 526 oum
1120 457 1215 524 Sulla

201 545 384 630 profligatis
407 546 462 628 eis,
486 567 567 629 quos
586 547 759 612 advorsum
776 548 869 631 ierat,
892 547 1018 612 rediens
1042 549 1083 612 ab
1107 547 1214 612 latere

165 648 183 695 9
201 632 325 696 Mauris
339 633 484 698 incurrit.
507 634 656 700 Bocchus
671 635 785 699 statim
799 636 967 700 avortitur.
991 639 1026 699 at
1039 635 1215 721 Iugurtha,

202 721 279 785 dum
302 725 485 786 sustentare
509 744 584 786 suos
608 726 641 786 et
663 745 764 806 prope
783 723 849 787 iam
868 724 1019 806 adeptam
1037 723 1213 789 victoriam

201 809 341 873 retinere
364 810 468 893 cupit,
496 810 732 875 circumventus
756 811 797 874 ab
822 810 911 895 equit
897 811 1002 895 tibus,
1033 811 1198 875 dextra
1172 833 1213 876 sr-

200 896 306 960 nistra
328 897 479 961 omnibus
507 898 622 962 occisis
646 898 812 963 solusint
762 903 848 963 mter
871 899 938 963 tela
959 862 1106 964 hdstium
1129 899 1213 964 vita·

148 998 182 1047 10
200 985 328 1049 bundus
351 985 500 1069 erumpit.
546 988 643 1069 atque
670 986 803 1051 interim
824 985 948 1050 Marius
975 987 1099 1073 fugatis
1123 987 1212 1071 equi·

201 1072 290 1137 tibus
314 1073 456 1138 adcurrit
479 1073 600 1138 auxilio
624 1074 704 1158 suis,
732 1095 814 1158 quos
840 1074 951 1158 pelli
942 1097 1008 1138 1am
1031 1079 1211 1158 acceperat

148 1175 182 1223 11
202 1160 338 1244 denique
364 1160 441 1225 host
427 1165 476 1225 tes
504 1161 571 1224 iam
596 1125 738 1245 undiqire
765 1161 904 1226 fusit
889 1165 960 1226 tum
988 1163 1212 1246 spectaculum

199 1248 392 1313 horribile
383 1271 418 1312 m
445 1249 567 1332 campis
594 1249 796 1332 patentibus:
830 1249 922 1333 sequi
949 1250 1075 1335 fugere,
1106 1250 1212 1316 occidi

202 1336 286 1420 capi,
309 1336 384 1420 equi
407 1340 504 1420 atque
527 1337 589 1401 ιιιι
612 1337 748 1421 adflicti,
771 1359 808 1403 ac
831 1337 927 1402 multi
949 1338 1137 1403 volneribus
1162 1360 1212 1403 ac-

201 1424 304 1507 ceptis
326 1446 431 1508 neque
457 1423 571 1510 fugere
601 1446 696 1509 posse
727 1446 832 1509 neque
859 1425 1003 1526 quietem
1029 1426 1113 1510 pati,
1146 1426 1212 1490 niti

201 1512 297 1576 modo
317 1534 354 1577 ao
373 1512 486 1576 statim
505 1512 684 1598 concidere3
706 1517 871 1597 postremo
891 1513 1098 1597 omniaque
1118 1513 1211 1579 visus

201 1604 280 1684 erat,
294 1604 461 1666 constrata
475 1600 549 1665 telis
564 1602 663 1664 armis
675 1601 884 1666 cadaveribus
899 1601 956 1666 et
946 1605 996 1665 mt
998 1623 1032 1665 er
1042 1602 1212 1710 eahumus

200 1651 321 1753 infebta
344 1688 509 1773 sanguine.

119 1776 186 1840 102
266 1775 348 1841 Post
366 1797 404 1841 ea
422 1775 485 1840 loci
505 1777 618 1840 consul
636 1776 727 1841 haud
742 1776 865 1841 dubie
856 1799 923 1840 ram
936 1776 1043 1841 victor
1059 1776 1212 1859 pervenit

197 1864 233 1927 in
260 1862 415 1947 oppidum
438 1861 576 1947 Cirtam,
608 1885 670 1948 quo
696 1864 792 1929 initio
819 1864 946 1948 profect
946 1886 985 1929 us
1014 1863 1210 1929 intenderat.

163 1967 237 2015 aeo
265 1954 341 2034 post
327 1950 459 2014 tdiem
483 1915 648 2035 quinium,
680 1974 778 2036 quam
809 1952 929 2018 iterum
960 1952 1092 2016 barbari
1124 1953 1211 2016 mele

197 2042 431 2124 pugnaverant,
449 2039 551 2124 legati
570 2040 733 2105 aBoecho
752 2040 896 2124 veniunt,
919 2039 974 2123 qui
993 2039 1081 2124 regis
1099 2041 1211 2105 verbis

198 2128 239 2192 ab
254 2126 359 2192 Mario
382 2127 534 2212 petivere,
558 2129 638 2192 duos
660 2150 759 2211 quam
776 2128 962 2192 fidissumos
982 2127 1116 2195 adeum
1134 2129 1210 2192 mit

198 2220 292 2298 teret,
310 2215 393 2281 velle
412 2215 451 2280 de
466 2237 524 2280 suo
544 2219 577 2279 et
596 2216 635 2280 de
653 2215 767 2299 populi
784 2215 926 2281 Romani
945 2215 1115 2280 commodo
1135 2238 1211 2281 cum

199 2305 246 2368 eis
275 2302 442 2367 disserere.
491 2303 546 2366 ille
575 2303 689 2367 statim
711 2301 747 2367 L.
772 2301 897 2367 Sullam
925 2307 959 2366 et
985 2301 1024 2366 A.
1048 2301 1211 2368 Manlium

164 2392 247 2456 aire
269 2391 370 2454 iubet.
411 2391 467 2473 qui
490 2412 686 2474 quamquam
709 2391 804 2456 acciti
827 2391 929 2474 ibant,
951 2394 1063 2454 tamen
1084 2391 1210 2474 placuit
1256 2468 1258 2472 .

200 2478 300 2544 verba
322 2478 407 2562 apud
429 2497 540 2562 regem
562 2477 681 2543 facere:
704 2479 872 2564 ingenium
890 2481 947 2543 aut
965 2500 1119 2543 avorsum
1136 2479 1208 2544 flee-

200 2568 308 2631 terent
340 2568 397 2629 aut
429 2564 581 2648 cupidum
611 2566 701 2649 pacis
733 2566 954 2632 vehementius
987 2567 1209 2631 accenderent.

163 2655 312 2738 rituque
340 2650 444 2738 Sulla,
476 2653 567 2717 cuius
599 2653 781 2739 facundiae,
812 2676 879 2719 non
908 2654 1015 2718 aetati
1038 2676 1057 2718 a
1083 2653 1208 2719 Manlio

202 2763 399 2824 conoessum,
421 2763 525 2826 pauca
546 2742 645 2807 verba
666 2742 800 2807 huiusce
824 2742 912 2807 modi
934 2742 1078 2806 locutus·

165 2846 182 2895 5
268 2829 349 2894 Rex
371 2793 512 2913 B'ocche,
544 2851 662 2916 magna
692 2830 797 2894 laetit
773 2834 820 2894 t1a
850 2829 946 2894 nobis
976 2833 1039 2913 est,
1072 2851 1147 2894 cum
1176 2834 1209 2894 te

201 2919 301 2983 talem
323 2918 430 2982 virum
452 2917 485 2980 di
507 2939 673 3001 monuere,
699 2918 750 2982 uti
773 2917 945 3001 aliquando
972 2938 1086 3001 paoem
1110 2938 1210 3001 quam

201 3006 324 3070 bellum
342 3005 455 3068 malles
473 3027 538 3069 neu
556 3008 589 3069 te
608 2969 779 3089 optirmum
799 3028 873 3070 oum
888 3026 1043 3089 pessumo
1063 3004 1209 3070 omnium

200 3092 360 3178 Iugurtha
378 3092 542 3157 miscendo
562 3093 811 3177 commaculares,
834 3093 931 3157 simul
948 3093 1044 3157 nobis
1064 3093 1209 3158 demeres

201 3182 351 3248 acerbam
363 3202 489 3246 necess1
479 3179 643 3265 tudinem,
656 3181 780 3265 pariter
790 3144 824 3245 ιο
834 3184 997 3245 errantem
1006 3184 1105 3264 atque
1114 3180 1209 3245 illum

201 3269 498 3337 sceleratissumum
520 3270 679 3354 persequi.

165 3377 181 3424 6
267 3358 320 3424 Ad
350 3358 413 3423 hoc
444 3357 565 3442 populo
595 3357 742 3422 Romano
775 3379 841 3420 1am
873 3378 892 3419 a
923 3355 1084 3440 principio
1116 3355 1209 3441 inopi

201 3447 315 3511 melius
339 3446 446 3511 visum
469 3446 590 3510 amicos
610 3467 708 3529 quam
726 3466 835 3511 servos
855 3466 1016 3529 quaerere,
1039 3443 1209 3528 tutiusque

166 3536 266 3601 irati
297 3535 481 3600 volentibus
516 3556 614 3619 quam
645 3533 766 3599 coactis
798 3533 994 3618 imperitare.
1039 3531 1102 3596 tibi
1133 3554 1209 3598 vero
