2542 4192
234 257 275 321 16
568 253 597 310 C.
616 253 788 308 SALLUSTI
806 251 923 307 CRISPI

232 401 299 464 dies
313 399 484 481 noctisque
497 397 652 461 festinare
666 398 810 484 vigilare,
828 418 933 480 neque
950 397 1122 463 insomniis
1136 421 1244 484 neque

194 488 341 552 elabore
368 486 510 571 fatigari.
552 490 735 570 postrem0,
766 485 824 550 ubi
856 485 960 548 multa
988 487 1130 570 agitanti
1156 489 1242 552 nihil

231 575 392 659 procedit,
419 595 531 638 rursus
554 574 751 658 intempesta
772 577 868 637 nocte
892 573 1126 638 coniurationis
1153 577 1244 659 prin·

193 679 213 727 4
232 665 318 746 cipes
343 665 499 728 convocat
521 683 579 744 per
597 661 640 725 M.
660 661 810 727 Porcium
828 659 980 744 Laecam,
1002 661 1114 745 ibique
1137 665 1244 728 multa

231 752 270 816 de
301 751 432 836 ignavia
463 771 575 813 eorum
607 753 741 833 questus
761 750 868 813 docet
899 771 932 813 11
963 748 1123 814 Manlium
1139 750 1243 835 *prae-

231 839 359 904 misisse
379 839 419 903 ad
438 859 509 902 eam
528 837 780 921 multitudinem,
799 859 897 921 quem
916 837 956 901 ad
973 838 1132 920 capiunda
1150 862 1244 904 arma

231 931 415 1010 paraverat,
438 927 518 990 item
541 925 622 989 alios
645 925 680 988 in
702 925 767 989 alia
788 925 862 989 loce
885 930 1081 1011 opportuna,
1104 927 1161 1010 qui
1182 928 1244 992 ini·

232 1017 315 1079 tium
346 1014 425 1079 belli
456 1013 616 1097 facerent,
653 1035 751 1096 seque
788 1013 828 1076 ad
861 1013 1038 1077 exercitum
1077 1015 1244 1099 proficisci

125 1131 127 1135 ¹
232 1125 357 1186 cupere,
376 1103 404 1166 si
422 1102 512 1186 prius
530 1100 718 1165 Ciceronem
738 1100 969 1184 obpressisset3
987 1123 1061 1177 eum
1080 1103 1148 1166 suis
1168 1125 1243 1167 con-

176 1191 221 1256 28
233 1191 315 1256 siliis
338 1190 479 1255 multum
502 1189 639 1253 officere.
685 1189 787 1274 igitur
813 1189 996 1271 perterritis
1025 1212 1062 1254 ec
1090 1191 1243 1255 dubitan-

230 1279 330 1342 tibus
356 1278 470 1342 ceteris
504 1275 538 1341 C.
567 1275 736 1342 Cornelius
770 1298 868 1360 eques
904 1276 1071 1342 Romanus
1107 1300 1243 1361 operam

232 1388 324 1430 suam
355 1365 522 1450 pollicitus
555 1369 588 1428 et
620 1387 693 1429 cum
725 1387 763 1429 1ο
791 1363 828 1429 L.
854 1363 1075 1450 Vargunteius
1108 1370 1244 1430 senator

117 1490 122 1498 ·
232 1455 429 1519 constituere
457 1475 495 1518 ea
516 1457 612 1518 nocte
644 1453 740 1536 paulo
763 1457 840 1537 post
872 1475 945 1517 cum
974 1453 1108 1518 armatis
1135 1454 1241 1518 homi-

231 1543 327 1607 nibus
356 1543 452 1608 sicuti
426 1542 567 1606 ttsalu
553 1545 659 1606 tatum
686 1542 821 1606 introire
850 1542 890 1605 ad
918 1540 1107 1606 Ciceronem
1135 1563 1173 1606 ac
1200 1542 1241 1605 de

193 1645 397 1715 1111111111
421 1631 509 1695 domi
532 1651 609 1693 suae
627 1629 813 1711 inparatum
832 1628 1011 1693 confodere.
1044 1629 1160 1695 Curius
1183 1629 1242 1693 ubi

232 1718 404 1802 intellegit,
427 1719 528 1799 quant
530 1737 586 1777 um
608 1715 787 1796 perieulum
811 1715 936 1778 consuli
959 1715 1146 1801 inpendeat,
1169 1739 1244 1800 pro·

231 1826 306 1886 pere
328 1825 388 1886 per
400 1802 549 1866 Fulviam
565 1800 712 1865 Ciceroni
735 1801 845 1865 dolum
869 1801 925 1884 qui
947 1803 1125 1884 parabatur
1143 1828 1244 1869 1111·

194 1891 302 1955 31111,
347 1888 507 1954 11111111
498 1910 595 1974 ianua
623 1888 782 1971 prohibiti
809 1891 939 1952 tantum
966 1888 1091 1952 facinus
1114 1889 1201 1955 frust
1187 1897 1243 1958 tra

232 1981 450 2063 susceperant.

194 2081 214 2130 4
307 2067 436 2131 Interea
471 2063 659 2129 Manlius
650 2086 685 2127 m
718 2063 853 2128 Etruria
888 2064 1017 2147 plebem
1055 2064 1243 2151 sollicitare,

233 2159 345 2241 egesta
325 2158 378 2220 ate
346 2154 500 2219 tsimul
523 2175 560 2217 ac
583 2152 726 2216 dolore
716 2151 853 2216 miuriae
875 2173 1033 2216 novarum
1056 2175 1165 2217 rerum
1188 2177 1242 2219 ou-

231 2245 351 2327 pidam,
374 2243 460 2326 quod
480 2240 588 2307 Sullae
607 2240 827 2305 dominatione
846 2260 943 2324 agros
961 2241 1139 2324 bonaque
1132 2244 1242 2307 omnia

232 2332 400 2431 amiserat3
410 2333 590 2429 “praeterea
608 2329 751 2392 latrones
771 2327 926 2410 cuiusque
945 2328 1082 2414 generis,
1102 2351 1241 2412 quorum

232 2419 267 2481 in
290 2439 328 2481 ea
350 2418 481 2502 regione
508 2437 627 2500 magua
650 2416 744 2498 copia
772 2418 855 2499 erat3
882 2437 949 2479 non
970 2417 1078 2480 nullos
1107 2439 1146 2480 ex
1170 2416 1242 2481 Sul-

232 2505 316 2569 lanis
336 2504 486 2588 coloniis,
509 2503 626 2587 quibus
649 2502 761 2567 lubido
787 2465 884 2586 atqire
904 2503 1032 2569 luxurie
1055 2527 1094 2568 ex
1111 2506 1242 2590 magnis

233 2593 354 2677 rapinis
378 2593 460 2656 nihil
483 2591 600 2675 reliqui
622 2590 753 2655 fecerat.

178 2682 222 2746 29
299 2681 349 2746 Ea
363 2704 437 2746 cunr
450 2679 599 2747 Ciceroni
612 2679 848 2763 nuntiarentur,
865 2680 1001 2763 ancipiti
1015 2680 1101 2744 malo
1115 2703 1243 2763 permo-

234 2774 296 2854 tus,
320 2771 406 2854 quod
423 2791 527 2854 neque
544 2768 659 2832 urbem
677 2768 718 2832 ab
737 2767 863 2832 insidiis
880 2769 1008 2851 privato
1024 2768 1159 2833 consilio
1173 2770 1243 2834 lon·

233 2859 306 2944 gius
316 2858 400 2922 tueri
410 2861 540 2942 poterat
548 2878 662 2941 neque,
676 2856 834 2921 exercitus
845 2855 947 2920 Manli
958 2860 1097 2940 quantus
1108 2861 1166 2920 aut
1176 2876 1242 2940 quo

233 2946 368 3010 consilio
382 2946 477 3028 foret,
491 2944 572 3009 satis
588 2949 778 3028 conpertum
790 2944 943 3028 habebat,
957 2966 1025 3008 rem
1040 2944 1079 3008 ad
1092 2948 1243 3009 senatum

194 3048 214 3097 a
233 3032 342 3116 refert,
364 3033 430 3097 iam
449 3036 545 3096 antea
562 3032 651 3118 volgi
670 3032 854 3097 rumoribus
876 3033 1084 3117 exagitatam.
1120 3032 1243 3116 itaque,

234 3121 319 3205 quod
333 3122 522 3205 plerumque
536 3121 571 3184 in
584 3121 688 3185 atroci
697 3119 830 3206 negotio
841 3120 934 3204 solet,
949 3124 1079 3184 senatus
1090 3121 1243 3204 decrevit,

234 3210 347 3275 darent
366 3231 498 3293 operam
516 3209 674 3293 consules,
692 3231 732 3273 ne
752 3207 829 3293 quid
842 3230 893 3273 res
907 3209 1039 3292 publica
1053 3208 1244 3272 detrimenti

194 3315 214 3363 3
234 3302 371 3382 caperet.
408 3320 446 3362 11
464 3301 610 3380 potestas
628 3318 686 3380 per
705 3301 854 3361 senatum
872 3319 963 3361 more
977 3296 1125 3361 Romano
1141 3296 1243 3380 magi-

234 3387 353 3451 stratui
371 3407 522 3450 maxuma
544 3385 755 3469 permittitur,
779 3385 955 3450 exercitum
973 3407 1096 3468 parare,
1119 3385 1244 3448 bellum

234 3495 354 3559 gerere,
369 3496 514 3540 coercere
530 3473 679 3538 omnibus
693 3473 798 3537 modis
814 3473 919 3538 socios
934 3477 1032 3557 atque
1046 3472 1136 3556 civis,
1154 3472 1244 3536 domi

235 3562 434 3646 militiaeque
453 3561 623 3645 imperium
644 3564 740 3646 atque
759 3561 914 3627 iudicium
933 3582 1095 3625 summum
1108 3561 1244 3646 habere3
