<?xml version="1.0" encoding="UTF-8"?>
<!DOCTYPE html PUBLIC "-//W3C//DTD XHTML 1.0 Transitional//EN"
    "http://www.w3.org/TR/xhtml1/DTD/xhtml1-transitional.dtd">
<html xmlns="http://www.w3.org/1999/xhtml" xml:lang="en" lang="en">
 <head>
  <title>
</title>
<meta http-equiv="Content-Type" content="text/html;charset=utf-8" />
  <meta name='ocr-system' content='tesseract 3.04.00' />
  <meta name='ocr-capabilities' content='ocr_page ocr_carea ocr_par ocr_line ocrx_word'/>
</head>
<body>
  <div class='ocr_page' id='page_1' title='image "./catilinajugurth00sallgoog_0101.png"; bbox 0 0 2542 4192; ppageno 0'>
   <div class='ocr_carea' id='block_1_1' title="bbox 187 237 865 306">
    <p class='ocr_par' dir='ltr' id='par_1_1' title="bbox 187 237 865 306">
     <span class='ocr_line' id='line_1_1' title="bbox 187 237 865 306; baseline -0.021 -1"><span class='ocrx_word' id='word_1_1' title='bbox 187 242 228 306; x_wconf 77' lang='grc'><strong>72</strong></span> <span class='ocrx_word' id='word_1_2' title='bbox 513 240 541 295; x_wconf 83' lang='lat' dir='ltr'><strong>C.</strong></span> <span class='ocrx_word' id='word_1_3' title='bbox 561 238 731 295; x_wconf 81' lang='lat' dir='ltr'>SALLUSTI</span> <span class='ocrx_word' id='word_1_4' title='bbox 749 237 865 294; x_wconf 83' lang='lat' dir='ltr'>CRISPI</span> 
     </span>
    </p>
   </div>
   <div class='ocr_carea' id='block_1_2' title="bbox 131 381 1201 3628">
    <p class='ocr_par' dir='ltr' id='par_1_2' title="bbox 131 381 1201 3628">
     <span class='ocr_line' id='line_1_2' title="bbox 184 381 1200 471; baseline -0.003 -20"><span class='ocrx_word' id='word_1_5' title='bbox 184 386 309 471; x_wconf 79' lang='lat' dir='ltr'>placide</span> <span class='ocrx_word' id='word_1_6' title='bbox 333 385 541 468; x_wconf 72' lang='lat' dir='ltr'><strong>modesteque</strong></span> <span class='ocrx_word' id='word_1_7' title='bbox 563 383 650 448; x_wconf 89' lang='lat' dir='ltr'><strong>inter</strong></span> <span class='ocrx_word' id='word_1_8' title='bbox 673 404 706 447; x_wconf 91' lang='lat' dir='ltr'><strong>se</strong></span> <span class='ocrx_word' id='word_1_9' title='bbox 727 381 980 467; x_wconf 89' lang='lat' dir='ltr'><strong>rempublicam</strong></span> <span class='ocrx_word' id='word_1_10' title='bbox 998 384 1200 468; x_wconf 89' lang='lat' dir='ltr'><strong>tractabant,</strong></span> 
     </span>
     <span class='ocr_line' id='line_1_3' title="bbox 184 469 1200 558; baseline -0.002 -20"><span class='ocrx_word' id='word_1_11' title='bbox 184 495 288 557; x_wconf 91' lang='lat' dir='ltr'><strong>neque</strong></span> <span class='ocrx_word' id='word_1_12' title='bbox 311 473 435 558; x_wconf 88' lang='lat' dir='ltr'><strong>gloriae</strong></span> <span class='ocrx_word' id='word_1_13' title='bbox 457 493 560 554; x_wconf 89' lang='lat' dir='ltr'><strong>neque</strong></span> <span class='ocrx_word' id='word_1_14' title='bbox 579 469 810 535; x_wconf 90' lang='lat' dir='ltr'><strong>dominationis</strong></span> <span class='ocrx_word' id='word_1_15' title='bbox 830 473 994 535; x_wconf 89' lang='lat' dir='ltr'><strong>certamen</strong></span> <span class='ocrx_word' id='word_1_16' title='bbox 1010 469 1200 536; x_wconf 77' lang='lat' dir='ltr'><strong>intercisis</strong></span> 
     </span>
     <span class='ocr_line' id='line_1_4' title="bbox 186 557 1198 628; baseline -0.002 -2"><span class='ocrx_word' id='word_1_17' title='bbox 186 567 268 626; x_wconf 88' lang='lat' dir='ltr'><strong>erat:</strong></span> <span class='ocrx_word' id='word_1_18' title='bbox 291 564 397 624; x_wconf 88' lang='lat' dir='ltr'><strong>metus</strong></span> <span class='ocrx_word' id='word_1_19' title='bbox 420 559 551 628; x_wconf 88' lang='lat' dir='ltr'><strong>hostilis</strong></span> <span class='ocrx_word' id='word_1_20' title='bbox 574 558 726 624; x_wconf 88' lang='lat' dir='ltr'><strong>inbonis</strong></span> <span class='ocrx_word' id='word_1_21' title='bbox 750 557 875 623; x_wconf 89' lang='lat' dir='ltr'><strong>artibus</strong></span> <span class='ocrx_word' id='word_1_22' title='bbox 894 557 1061 622; x_wconf 81' lang='lat' dir='ltr'><strong>civitatem</strong></span> <span class='ocrx_word' id='word_1_23' title='bbox 1079 559 1198 624; x_wconf 91' lang='lat' dir='ltr'><strong>retine-</strong></span> 
     </span>
     <span class='ocr_line' id='line_1_5' title="bbox 149 645 1200 731; baseline -0.001 -18"><span class='ocrx_word' id='word_1_24' title='bbox 149 650 253 713; x_wconf 81' lang='grc'><strong>31111.</strong></span> <span class='ocrx_word' id='word_1_25' title='bbox 299 649 355 713; x_wconf 91' lang='lat' dir='ltr'><strong>sed</strong></span> <span class='ocrx_word' id='word_1_26' title='bbox 381 647 438 712; x_wconf 92' lang='lat' dir='ltr'><strong>ubi</strong></span> <span class='ocrx_word' id='word_1_27' title='bbox 465 647 523 711; x_wconf 94' lang='grc'><strong>1111</strong></span> <span class='ocrx_word' id='word_1_28' title='bbox 545 646 685 712; x_wconf 87' lang='lat' dir='ltr'><strong>formido</strong></span> <span class='ocrx_word' id='word_1_29' title='bbox 708 645 872 710; x_wconf 90' lang='lat' dir='ltr'><strong>mentibus</strong></span> <span class='ocrx_word' id='word_1_30' title='bbox 895 645 1048 731; x_wconf 87' lang='lat' dir='ltr'><strong>decessit,</strong></span> <span class='ocrx_word' id='word_1_31' title='bbox 1071 645 1200 712; x_wconf 89' lang='lat' dir='ltr'><strong>scilicet</strong></span> 
     </span>
     <span class='ocr_line' id='line_1_6' title="bbox 187 732 1198 820; baseline -0.003 -19"><span class='ocrx_word' id='word_1_32' title='bbox 187 758 233 820; x_wconf 90' lang='lat' dir='ltr'><strong>ea,</strong></span> <span class='ocrx_word' id='word_1_33' title='bbox 257 757 339 820; x_wconf 90' lang='lat' dir='ltr'><strong>quae</strong></span> <span class='ocrx_word' id='word_1_34' title='bbox 362 757 413 800; x_wconf 90' lang='lat' dir='ltr'><strong>res</strong></span> <span class='ocrx_word' id='word_1_35' title='bbox 437 734 595 800; x_wconf 89' lang='lat' dir='ltr'><strong>secundae</strong></span> <span class='ocrx_word' id='word_1_36' title='bbox 618 737 742 818; x_wconf 86' lang='lat' dir='ltr'><strong>amant,</strong></span> <span class='ocrx_word' id='word_1_37' title='bbox 764 732 898 799; x_wconf 81' lang='lat' dir='ltr'><strong>lascivia</strong></span> <span class='ocrx_word' id='word_1_38' title='bbox 921 736 1019 816; x_wconf 89' lang='lat' dir='ltr'><strong>atque</strong></span> <span class='ocrx_word' id='word_1_39' title='bbox 1043 735 1198 819; x_wconf 85' lang='lat' dir='ltr'><strong>superbia</strong></span> 
     </span>
     <span class='ocr_line' id='line_1_7' title="bbox 150 821 1198 907; baseline 0 -21"><span class='ocrx_word' id='word_1_40' title='bbox 150 839 168 886; x_wconf 83' lang='lat'>4</span> <span class='ocrx_word' id='word_1_41' title='bbox 185 825 354 888; x_wconf 76' lang='lat' dir='ltr'><strong>incessere.</strong></span> <span class='ocrx_word' id='word_1_42' title='bbox 385 823 434 888; x_wconf 89' lang='lat' dir='ltr'><strong>ita</strong></span> <span class='ocrx_word' id='word_1_43' title='bbox 452 822 539 907; x_wconf 91' lang='lat' dir='ltr'><strong>quod</strong></span> <span class='ocrx_word' id='word_1_44' title='bbox 551 822 587 887; x_wconf 96' lang='lat' dir='ltr'><strong>in</strong></span> <span class='ocrx_word' id='word_1_45' title='bbox 602 822 747 887; x_wconf 82' lang='lat' dir='ltr'><strong>advorsis</strong></span> <span class='ocrx_word' id='word_1_46' title='bbox 761 821 859 886; x_wconf 91' lang='lat' dir='ltr'><strong>rebus</strong></span> <span class='ocrx_word' id='word_1_47' title='bbox 874 825 1067 905; x_wconf 85' lang='lat' dir='ltr'><strong>optaverant</strong></span> <span class='ocrx_word' id='word_1_48' title='bbox 1082 821 1198 907; x_wconf 86' lang='lat' dir='ltr'><strong>otium,</strong></span> 
     </span>
     <span class='ocr_line' id='line_1_8' title="bbox 150 909 1199 996; baseline 0.001 -22"><span class='ocrx_word' id='word_1_49' title='bbox 150 927 167 974; x_wconf 82' lang='grc'><strong>1</strong></span> <span class='ocrx_word' id='word_1_50' title='bbox 185 915 362 996; x_wconf 88' lang='lat' dir='ltr'><strong>postquam</strong></span> <span class='ocrx_word' id='word_1_51' title='bbox 380 911 489 996; x_wconf 88' lang='lat' dir='ltr'><strong>adepti</strong></span> <span class='ocrx_word' id='word_1_52' title='bbox 509 914 595 995; x_wconf 90' lang='lat' dir='ltr'><strong>sunt,</strong></span> <span class='ocrx_word' id='word_1_53' title='bbox 613 909 758 995; x_wconf 88' lang='lat' dir='ltr'><strong>asperius</strong></span> <span class='ocrx_word' id='word_1_54' title='bbox 778 909 988 992; x_wconf 78' lang='lat' dir='ltr'><strong>acerbiusque</strong></span> <span class='ocrx_word' id='word_1_55' title='bbox 1006 909 1083 974; x_wconf 88' lang='lat' dir='ltr'><strong>fuit:</strong></span> <span class='ocrx_word' id='word_1_56' title='bbox 1106 931 1199 975; x_wconf 91' lang='lat' dir='ltr'><strong>nam-</strong></span> 
     </span>
     <span class='ocr_line' id='line_1_9' title="bbox 188 996 1200 1083; baseline -0.001 -18"><span class='ocrx_word' id='word_1_57' title='bbox 188 1021 249 1083; x_wconf 87' lang='lat' dir='ltr'><strong>que</strong></span> <span class='ocrx_word' id='word_1_58' title='bbox 272 1021 405 1082; x_wconf 91' lang='lat' dir='ltr'><strong>coepere</strong></span> <span class='ocrx_word' id='word_1_59' title='bbox 428 998 583 1063; x_wconf 80' lang='lat' dir='ltr'><strong>nobilitas</strong></span> <span class='ocrx_word' id='word_1_60' title='bbox 607 997 814 1083; x_wconf 86' lang='lat' dir='ltr'><strong>dignitatem,</strong></span> <span class='ocrx_word' id='word_1_61' title='bbox 841 996 981 1081; x_wconf 88' lang='lat' dir='ltr'><strong>populus</strong></span> <span class='ocrx_word' id='word_1_62' title='bbox 1008 997 1200 1064; x_wconf 86' lang='lat' dir='ltr'><strong>libertatem</strong></span> 
     </span>
     <span class='ocr_line' id='line_1_10' title="bbox 186 1084 1199 1170; baseline 0 -19"><span class='ocrx_word' id='word_1_63' title='bbox 186 1087 222 1152; x_wconf 94' lang='lat' dir='ltr'><strong>in</strong></span> <span class='ocrx_word' id='word_1_64' title='bbox 249 1087 427 1152; x_wconf 87' lang='lat' dir='ltr'><strong>lubidinem</strong></span> <span class='ocrx_word' id='word_1_65' title='bbox 449 1090 586 1170; x_wconf 87' lang='lat' dir='ltr'><strong>vortere,</strong></span> <span class='ocrx_word' id='word_1_66' title='bbox 612 1085 675 1150; x_wconf 86' lang='lat' dir='ltr'><strong>sibi</strong></span> <span class='ocrx_word' id='word_1_67' title='bbox 698 1085 834 1169; x_wconf 90' lang='lat' dir='ltr'><strong>quisque</strong></span> <span class='ocrx_word' id='word_1_68' title='bbox 857 1084 972 1149; x_wconf 88' lang='lat' dir='ltr'><strong>ducere</strong></span> <span class='ocrx_word' id='word_1_69' title='bbox 995 1085 1124 1150; x_wconf 91' lang='lat' dir='ltr'><strong>trahere</strong></span> <span class='ocrx_word' id='word_1_70' title='bbox 1148 1109 1199 1152; x_wconf 89' lang='lat' dir='ltr'><strong>ra·</strong></span> 
     </span>
     <span class='ocr_line' id='line_1_11' title="bbox 186 1173 1199 1259; baseline -0.001 -19"><span class='ocrx_word' id='word_1_71' title='bbox 186 1197 271 1259; x_wconf 90' lang='lat' dir='ltr'><strong>pere.</strong></span> <span class='ocrx_word' id='word_1_72' title='bbox 315 1175 364 1240; x_wconf 88' lang='lat' dir='ltr'><strong>ita</strong></span> <span class='ocrx_word' id='word_1_73' title='bbox 395 1174 505 1239; x_wconf 87' lang='lat' dir='ltr'><strong>omnia</strong></span> <span class='ocrx_word' id='word_1_74' title='bbox 535 1174 570 1238; x_wconf 95' lang='lat' dir='ltr'><strong>in</strong></span> <span class='ocrx_word' id='word_1_75' title='bbox 593 1174 671 1238; x_wconf 80' lang='lat' dir='ltr'><strong>duas</strong></span> <span class='ocrx_word' id='word_1_76' title='bbox 698 1173 802 1256; x_wconf 88' lang='lat' dir='ltr'><strong>partis</strong></span> <span class='ocrx_word' id='word_1_77' title='bbox 831 1173 996 1237; x_wconf 85' lang='lat' dir='ltr'><strong>abstracta</strong></span> <span class='ocrx_word' id='word_1_78' title='bbox 1023 1178 1114 1258; x_wconf 92' lang='lat' dir='ltr'><strong>sunt,</strong></span> <span class='ocrx_word' id='word_1_79' title='bbox 1144 1196 1199 1239; x_wconf 90' lang='lat' dir='ltr'><strong>res</strong></span> 
     </span>
     <span class='ocr_line' id='line_1_12' title="bbox 152 1260 1199 1346; baseline 0 -19"><span class='ocrx_word' id='word_1_80' title='bbox 152 1263 330 1346; x_wconf 82' lang='lat' dir='ltr'><strong>cpublica,</strong></span> <span class='ocrx_word' id='word_1_81' title='bbox 358 1283 439 1345; x_wconf 83' lang='lat' dir='ltr'><strong>quse</strong></span> <span class='ocrx_word' id='word_1_82' title='bbox 467 1262 573 1326; x_wconf 92' lang='lat' dir='ltr'><strong>media</strong></span> <span class='ocrx_word' id='word_1_83' title='bbox 595 1260 715 1345; x_wconf 88' lang='lat' dir='ltr'><strong>fuerat,</strong></span> <span class='ocrx_word' id='word_1_84' title='bbox 745 1260 928 1326; x_wconf 87' lang='lat' dir='ltr'><strong>dilacerata.</strong></span> <span class='ocrx_word' id='word_1_85' title='bbox 974 1265 1118 1326; x_wconf 87' lang='lat' dir='ltr'><strong>ceterum</strong></span> <span class='ocrx_word' id='word_1_86' title='bbox 1140 1283 1199 1328; x_wconf 94' lang='lat' dir='ltr'><strong>no-</strong></span> 
     </span>
     <span class='ocr_line' id='line_1_13' title="bbox 187 1348 1200 1435; baseline 0 -21"><span class='ocrx_word' id='word_1_87' title='bbox 187 1350 299 1414; x_wconf 75' lang='lat' dir='ltr'><strong>bilitas</strong></span> <span class='ocrx_word' id='word_1_88' title='bbox 326 1348 468 1416; x_wconf 87' lang='lat' dir='ltr'><strong>factione</strong></span> <span class='ocrx_word' id='word_1_89' title='bbox 495 1349 600 1435; x_wconf 90' lang='lat' dir='ltr'><strong>magis</strong></span> <span class='ocrx_word' id='word_1_90' title='bbox 627 1349 785 1434; x_wconf 91' lang='lat' dir='ltr'><strong>pollebat,</strong></span> <span class='ocrx_word' id='word_1_91' title='bbox 811 1348 917 1433; x_wconf 88' lang='lat' dir='ltr'><strong>plebis</strong></span> <span class='ocrx_word' id='word_1_92' title='bbox 940 1348 990 1414; x_wconf 85' lang='lat' dir='ltr'><strong>vis</strong></span> <span class='ocrx_word' id='word_1_93' title='bbox 1019 1348 1200 1415; x_wconf 82' lang='grc'><strong>111111111-</strong></span> 
     </span>
     <span class='ocr_line' id='line_1_14' title="bbox 152 1437 1199 1522; baseline 0 -20"><span class='ocrx_word' id='word_1_94' title='bbox 152 1454 169 1502; x_wconf 76' lang='grc'><strong>1</strong></span> <span class='ocrx_word' id='word_1_95' title='bbox 189 1459 251 1521; x_wconf 91' lang='lat' dir='ltr'><strong>que</strong></span> <span class='ocrx_word' id='word_1_96' title='bbox 274 1437 420 1522; x_wconf 89' lang='lat' dir='ltr'><strong>dispersa</strong></span> <span class='ocrx_word' id='word_1_97' title='bbox 437 1438 473 1502; x_wconf 95' lang='lat' dir='ltr'><strong>in</strong></span> <span class='ocrx_word' id='word_1_98' title='bbox 490 1437 699 1503; x_wconf 89' lang='lat' dir='ltr'><strong>multitudine</strong></span> <span class='ocrx_word' id='word_1_99' title='bbox 717 1437 824 1502; x_wconf 91' lang='lat' dir='ltr'><strong>minus</strong></span> <span class='ocrx_word' id='word_1_100' title='bbox 842 1440 981 1520; x_wconf 89' lang='lat' dir='ltr'><strong>poterat.</strong></span> <span class='ocrx_word' id='word_1_101' title='bbox 1016 1457 1199 1521; x_wconf 89' lang='lat' dir='ltr'><strong>paucorum</strong></span> 
     </span>
     <span class='ocr_line' id='line_1_15' title="bbox 188 1525 1201 1610; baseline -0.001 -19"><span class='ocrx_word' id='word_1_102' title='bbox 188 1526 325 1591; x_wconf 90' lang='lat' dir='ltr'><strong>arbitrio</strong></span> <span class='ocrx_word' id='word_1_103' title='bbox 348 1527 427 1591; x_wconf 92' lang='lat' dir='ltr'><strong>belli</strong></span> <span class='ocrx_word' id='word_1_104' title='bbox 450 1526 600 1610; x_wconf 89' lang='lat' dir='ltr'><strong>domique</strong></span> <span class='ocrx_word' id='word_1_105' title='bbox 620 1525 820 1610; x_wconf 83' lang='lat' dir='ltr'><strong>agitabatur3</strong></span> <span class='ocrx_word' id='word_1_106' title='bbox 841 1545 940 1609; x_wconf 89' lang='lat' dir='ltr'><strong>penes</strong></span> <span class='ocrx_word' id='word_1_107' title='bbox 962 1525 1090 1588; x_wconf 90' lang='lat' dir='ltr'><strong>eosdem</strong></span> <span class='ocrx_word' id='word_1_108' title='bbox 1110 1546 1201 1590; x_wconf 87' lang='lat' dir='ltr'><strong>aera·</strong></span> 
     </span>
     <span class='ocr_line' id='line_1_16' title="bbox 187 1611 1200 1698; baseline 0 -20"><span class='ocrx_word' id='word_1_109' title='bbox 187 1614 273 1679; x_wconf 93' lang='lat' dir='ltr'><strong>rium</strong></span> <span class='ocrx_word' id='word_1_110' title='bbox 282 1614 467 1698; x_wconf 78' lang='lat' dir='ltr'><strong>provinciae</strong></span> <span class='ocrx_word' id='word_1_111' title='bbox 481 1614 703 1698; x_wconf 78' lang='lat' dir='ltr'><strong>magistratus,</strong></span> <span class='ocrx_word' id='word_1_112' title='bbox 718 1612 841 1698; x_wconf 89' lang='lat' dir='ltr'><strong>gloriae</strong></span> <span class='ocrx_word' id='word_1_113' title='bbox 854 1611 1076 1696; x_wconf 87' lang='lat' dir='ltr'><strong>triumphique</strong></span> <span class='ocrx_word' id='word_1_114' title='bbox 1089 1617 1200 1678; x_wconf 87' lang='lat' dir='ltr'><strong>erant:</strong></span> 
     </span>
     <span class='ocr_line' id='line_1_17' title="bbox 187 1700 1200 1785; baseline -0.001 -18"><span class='ocrx_word' id='word_1_115' title='bbox 187 1703 327 1785; x_wconf 90' lang='lat' dir='ltr'><strong>populus</strong></span> <span class='ocrx_word' id='word_1_116' title='bbox 350 1702 469 1766; x_wconf 88' lang='lat' dir='ltr'><strong>militia</strong></span> <span class='ocrx_word' id='word_1_117' title='bbox 492 1705 589 1784; x_wconf 88' lang='lat' dir='ltr'><strong>atque</strong></span> <span class='ocrx_word' id='word_1_118' title='bbox 608 1700 719 1783; x_wconf 88' lang='lat' dir='ltr'><strong>inopia</strong></span> <span class='ocrx_word' id='word_1_119' title='bbox 735 1700 928 1785; x_wconf 81' lang='lat' dir='ltr'><strong>urgebatur3</strong></span> <span class='ocrx_word' id='word_1_120' title='bbox 949 1700 1085 1783; x_wconf 88' lang='lat' dir='ltr'><strong>praedas</strong></span> <span class='ocrx_word' id='word_1_121' title='bbox 1105 1701 1200 1766; x_wconf 88' lang='lat' dir='ltr'><strong>belli-</strong></span> 
     </span>
     <span class='ocr_line' id='line_1_18' title="bbox 152 1787 1200 1943; baseline 0.002 -3"><span class='ocrx_word' id='word_1_122' title='bbox 152 1805 242 1940; x_wconf 61' lang='grc'><strong>8111</strong></span> <span class='ocrx_word' id='word_1_123' title='bbox 264 1789 569 1943; x_wconf 53' lang='lat' dir='ltr'><strong>{labaala</strong></span> <span class='ocrx_word' id='word_1_124' title='bbox 587 1787 1200 1943; x_wconf 68' lang='grc'><strong>1111111’111111</strong></span> 
     </span>
     <span class='ocr_line' id='line_1_19' title="bbox 152 1896 1201 2049; baseline 0.001 -20"><span class='ocrx_word' id='word_1_125' title='bbox 152 1963 324 2029; x_wconf 79' lang='lat' dir='ltr'><strong>aconfinis</strong></span> <span class='ocrx_word' id='word_1_126' title='bbox 352 1899 436 2049; x_wconf 73' lang='grc'><strong>1111,</strong></span> <span class='ocrx_word' id='word_1_127' title='bbox 463 1963 592 2029; x_wconf 89' lang='lat' dir='ltr'><strong>sedibus</strong></span> <span class='ocrx_word' id='word_1_128' title='bbox 620 1925 833 2046; x_wconf 67' lang='lat' dir='ltr'><strong>pellebantur.</strong></span> <span class='ocrx_word' id='word_1_129' title='bbox 855 1896 1201 2047; x_wconf 74' lang='lat' dir='ltr'><strong>qitaqcumppotentia</strong></span> 
     </span>
     <span class='ocr_line' id='line_1_20' title="bbox 189 2050 1199 2136; baseline 0.001 -19"><span class='ocrx_word' id='word_1_130' title='bbox 189 2051 327 2117; x_wconf 85' lang='lat' dir='ltr'><strong>avaritia</strong></span> <span class='ocrx_word' id='word_1_131' title='bbox 350 2052 419 2118; x_wconf 92' lang='lat' dir='ltr'><strong>sine</strong></span> <span class='ocrx_word' id='word_1_132' title='bbox 442 2052 538 2117; x_wconf 93' lang='lat' dir='ltr'><strong>modo</strong></span> <span class='ocrx_word' id='word_1_133' title='bbox 562 2051 784 2135; x_wconf 83' lang='lat' dir='ltr'><strong>modestiaque</strong></span> <span class='ocrx_word' id='word_1_134' title='bbox 806 2050 981 2134; x_wconf 78' lang='lat' dir='ltr'><strong>invadere,</strong></span> <span class='ocrx_word' id='word_1_135' title='bbox 993 2051 1139 2136; x_wconf 89' lang='lat' dir='ltr'><strong>polluere</strong></span> <span class='ocrx_word' id='word_1_136' title='bbox 1164 2057 1199 2118; x_wconf 92' lang='lat' dir='ltr'><strong>et</strong></span> 
     </span>
     <span class='ocr_line' id='line_1_21' title="bbox 186 2138 1199 2227; baseline 0.002 -23"><span class='ocrx_word' id='word_1_137' title='bbox 186 2145 316 2206; x_wconf 88' lang='lat' dir='ltr'><strong>vastare</strong></span> <span class='ocrx_word' id='word_1_138' title='bbox 339 2142 458 2227; x_wconf 88' lang='lat' dir='ltr'><strong>omnia,</strong></span> <span class='ocrx_word' id='word_1_139' title='bbox 480 2139 562 2206; x_wconf 89' lang='lat' dir='ltr'><strong>nihil</strong></span> <span class='ocrx_word' id='word_1_140' title='bbox 580 2140 674 2225; x_wconf 87' lang='lat' dir='ltr'><strong>pensi</strong></span> <span class='ocrx_word' id='word_1_141' title='bbox 690 2160 795 2223; x_wconf 91' lang='lat' dir='ltr'><strong>neque</strong></span> <span class='ocrx_word' id='word_1_142' title='bbox 815 2139 920 2204; x_wconf 90' lang='lat' dir='ltr'><strong>sancti</strong></span> <span class='ocrx_word' id='word_1_143' title='bbox 937 2138 1066 2224; x_wconf 89' lang='lat' dir='ltr'><strong>habere,</strong></span> <span class='ocrx_word' id='word_1_144' title='bbox 1090 2141 1199 2224; x_wconf 85' lang='lat' dir='ltr'><strong>quoad</strong></span> 
     </span>
     <span class='ocr_line' id='line_1_22' title="bbox 136 2227 1198 2314; baseline -0.001 -21"><span class='ocrx_word' id='word_1_145' title='bbox 136 2244 170 2294; x_wconf 85' lang='lat'><strong>10</strong></span> <span class='ocrx_word' id='word_1_146' title='bbox 189 2233 292 2293; x_wconf 88' lang='lat' dir='ltr'><strong>semet</strong></span> <span class='ocrx_word' id='word_1_147' title='bbox 314 2229 387 2313; x_wconf 91' lang='lat' dir='ltr'><strong>ipsa</strong></span> <span class='ocrx_word' id='word_1_148' title='bbox 408 2229 645 2314; x_wconf 85' lang='lat' dir='ltr'><strong>praecipitavit.</strong></span> <span class='ocrx_word' id='word_1_149' title='bbox 689 2250 766 2293; x_wconf 88' lang='grc'><strong>111111</strong></span> <span class='ocrx_word' id='word_1_150' title='bbox 788 2227 844 2292; x_wconf 95' lang='lat' dir='ltr'><strong>ubi</strong></span> <span class='ocrx_word' id='word_1_151' title='bbox 864 2227 1006 2310; x_wconf 90' lang='lat' dir='ltr'><strong>primum</strong></span> <span class='ocrx_word' id='word_1_152' title='bbox 1023 2249 1063 2291; x_wconf 87' lang='lat' dir='ltr'><strong>ex</strong></span> <span class='ocrx_word' id='word_1_153' title='bbox 1079 2229 1198 2293; x_wconf 91' lang='lat' dir='ltr'><strong>nobili-</strong></span> 
     </span>
     <span class='ocr_line' id='line_1_23' title="bbox 188 2315 1199 2400; baseline 0.001 -20"><span class='ocrx_word' id='word_1_154' title='bbox 188 2320 258 2380; x_wconf 90' lang='lat' dir='ltr'><strong>tate</strong></span> <span class='ocrx_word' id='word_1_155' title='bbox 285 2317 406 2400; x_wconf 88' lang='lat' dir='ltr'><strong>reperti</strong></span> <span class='ocrx_word' id='word_1_156' title='bbox 433 2320 509 2383; x_wconf 91' lang='lat' dir='ltr'><strong>sunt</strong></span> <span class='ocrx_word' id='word_1_157' title='bbox 538 2317 594 2400; x_wconf 91' lang='lat' dir='ltr'><strong>qui</strong></span> <span class='ocrx_word' id='word_1_158' title='bbox 620 2338 731 2381; x_wconf 82' lang='lat' dir='ltr'><strong>veram</strong></span> <span class='ocrx_word' id='word_1_159' title='bbox 758 2315 898 2400; x_wconf 83' lang='lat' dir='ltr'><strong>gloriam</strong></span> <span class='ocrx_word' id='word_1_160' title='bbox 922 2315 1062 2380; x_wconf 88' lang='lat' dir='ltr'><strong>iniustae</strong></span> <span class='ocrx_word' id='word_1_161' title='bbox 1085 2319 1199 2400; x_wconf 89' lang='lat' dir='ltr'><strong>poten-</strong></span> 
     </span>
     <span class='ocr_line' id='line_1_24' title="bbox 188 2402 1198 2486; baseline 0.001 -19"><span class='ocrx_word' id='word_1_162' title='bbox 188 2403 253 2467; x_wconf 91' lang='lat' dir='ltr'><strong>tiae</strong></span> <span class='ocrx_word' id='word_1_163' title='bbox 281 2407 528 2486; x_wconf 84' lang='lat' dir='ltr'><strong>anteponerent,</strong></span> <span class='ocrx_word' id='word_1_164' title='bbox 554 2403 679 2468; x_wconf 84' lang='lat' dir='ltr'><strong>moveri</strong></span> <span class='ocrx_word' id='word_1_165' title='bbox 705 2403 819 2468; x_wconf 81' lang='lat' dir='ltr'><strong>civitas</strong></span> <span class='ocrx_word' id='word_1_166' title='bbox 848 2407 882 2467; x_wconf 90' lang='lat' dir='ltr'><strong>et</strong></span> <span class='ocrx_word' id='word_1_167' title='bbox 909 2402 1069 2468; x_wconf 86' lang='lat' dir='ltr'><strong>dissensio</strong></span> <span class='ocrx_word' id='word_1_168' title='bbox 1092 2403 1198 2468; x_wconf 88' lang='lat' dir='ltr'><strong>civilis</strong></span> 
     </span>
     <span class='ocr_line' id='line_1_25' title="bbox 131 2490 1196 2576; baseline 0 -20"><span class='ocrx_word' id='word_1_169' title='bbox 131 2492 179 2556; x_wconf 82' lang='lat'><strong>42</strong></span> <span class='ocrx_word' id='word_1_170' title='bbox 190 2490 284 2574; x_wconf 91' lang='lat' dir='ltr'><strong>quasi</strong></span> <span class='ocrx_word' id='word_1_171' title='bbox 310 2491 484 2576; x_wconf 84' lang='lat' dir='ltr'><strong>permixtio</strong></span> <span class='ocrx_word' id='word_1_172' title='bbox 512 2494 618 2556; x_wconf 88' lang='lat' dir='ltr'><strong>terrae</strong></span> <span class='ocrx_word' id='word_1_173' title='bbox 646 2490 725 2554; x_wconf 91' lang='lat' dir='ltr'><strong>oriri</strong></span> <span class='ocrx_word' id='word_1_174' title='bbox 752 2490 868 2574; x_wconf 90' lang='lat' dir='ltr'><strong>coepit.</strong></span> <span class='ocrx_word' id='word_1_175' title='bbox 917 2512 993 2554; x_wconf 90' lang='lat' dir='ltr'><strong>nam</strong></span> <span class='ocrx_word' id='word_1_176' title='bbox 1021 2494 1196 2574; x_wconf 88' lang='lat' dir='ltr'><strong>postquam</strong></span> 
     </span>
     <span class='ocr_line' id='line_1_26' title="bbox 187 2577 1198 2662; baseline -0.001 -19"><span class='ocrx_word' id='word_1_177' title='bbox 187 2578 236 2643; x_wconf 82' lang='lat' dir='ltr'><strong>Ti.</strong></span> <span class='ocrx_word' id='word_1_178' title='bbox 255 2582 288 2644; x_wconf 91' lang='lat' dir='ltr'><strong>et</strong></span> <span class='ocrx_word' id='word_1_179' title='bbox 307 2577 531 2662; x_wconf 68' lang='grc'><strong>1111111111,</strong></span> <span class='ocrx_word' id='word_1_180' title='bbox 551 2600 689 2662; x_wconf 91' lang='lat' dir='ltr'><strong>quorum</strong></span> <span class='ocrx_word' id='word_1_181' title='bbox 707 2577 846 2642; x_wconf 90' lang='lat' dir='ltr'><strong>maiores</strong></span> <span class='ocrx_word' id='word_1_182' title='bbox 864 2577 987 2643; x_wconf 92' lang='lat' dir='ltr'><strong>Punico</strong></span> <span class='ocrx_word' id='word_1_183' title='bbox 1006 2581 1103 2661; x_wconf 90' lang='lat' dir='ltr'><strong>atque</strong></span> <span class='ocrx_word' id='word_1_184' title='bbox 1123 2579 1198 2643; x_wconf 90' lang='lat' dir='ltr'><strong>aliis</strong></span> 
     </span>
     <span class='ocr_line' id='line_1_27' title="bbox 186 2665 1196 2751; baseline 0 -20"><span class='ocrx_word' id='word_1_185' title='bbox 186 2666 283 2732; x_wconf 89' lang='lat' dir='ltr'><strong>bellis</strong></span> <span class='ocrx_word' id='word_1_186' title='bbox 310 2667 451 2732; x_wconf 91' lang='lat' dir='ltr'><strong>multum</strong></span> <span class='ocrx_word' id='word_1_187' title='bbox 477 2666 525 2732; x_wconf 92' lang='lat' dir='ltr'><strong>rei</strong></span> <span class='ocrx_word' id='word_1_188' title='bbox 547 2666 696 2751; x_wconf 88' lang='lat' dir='ltr'><strong>publicae</strong></span> <span class='ocrx_word' id='word_1_189' title='bbox 719 2665 921 2750; x_wconf 90' lang='lat' dir='ltr'><strong>addiderant,</strong></span> <span class='ocrx_word' id='word_1_190' title='bbox 946 2665 1108 2730; x_wconf 81' lang='lat' dir='ltr'><strong>uindicare</strong></span> <span class='ocrx_word' id='word_1_191' title='bbox 1131 2667 1196 2751; x_wconf 81' lang='lat' dir='ltr'><strong>ple</strong></span> 
     </span>
     <span class='ocr_line' id='line_1_28' title="bbox 188 2752 1199 2840; baseline -0.001 -21"><span class='ocrx_word' id='word_1_192' title='bbox 188 2755 263 2819; x_wconf 92' lang='lat' dir='ltr'><strong>bem</strong></span> <span class='ocrx_word' id='word_1_193' title='bbox 281 2755 316 2819; x_wconf 95' lang='lat' dir='ltr'><strong>in</strong></span> <span class='ocrx_word' id='word_1_194' title='bbox 334 2754 521 2822; x_wconf 86' lang='lat' dir='ltr'><strong>libertatem</strong></span> <span class='ocrx_word' id='word_1_195' title='bbox 540 2759 573 2820; x_wconf 87' lang='lat' dir='ltr'><strong>et</strong></span> <span class='ocrx_word' id='word_1_196' title='bbox 590 2776 768 2840; x_wconf 87' lang='lat' dir='ltr'><strong>paucorum</strong></span> <span class='ocrx_word' id='word_1_197' title='bbox 787 2754 908 2819; x_wconf 89' lang='lat' dir='ltr'><strong>scelera</strong></span> <span class='ocrx_word' id='word_1_198' title='bbox 925 2752 1107 2837; x_wconf 74' lang='lat' dir='ltr'><strong>patefacere</strong></span> <span class='ocrx_word' id='word_1_199' title='bbox 1127 2775 1199 2819; x_wconf 91' lang='lat' dir='ltr'><strong>coe·</strong></span> 
     </span>
     <span class='ocr_line' id='line_1_29' title="bbox 187 2841 1200 2927; baseline -0.002 -19"><span class='ocrx_word' id='word_1_200' title='bbox 187 2864 278 2927; x_wconf 90' lang='lat' dir='ltr'><strong>pere,</strong></span> <span class='ocrx_word' id='word_1_201' title='bbox 309 2843 465 2909; x_wconf 88' lang='lat' dir='ltr'><strong>nobilitas</strong></span> <span class='ocrx_word' id='word_1_202' title='bbox 496 2843 595 2908; x_wconf 86' lang='lat' dir='ltr'><strong>noxia</strong></span> <span class='ocrx_word' id='word_1_203' title='bbox 627 2846 725 2927; x_wconf 93' lang='lat' dir='ltr'><strong>atque</strong></span> <span class='ocrx_word' id='word_1_204' title='bbox 757 2863 795 2906; x_wconf 91' lang='lat' dir='ltr'><strong>eo</strong></span> <span class='ocrx_word' id='word_1_205' title='bbox 831 2842 980 2925; x_wconf 89' lang='lat' dir='ltr'><strong>perculsa</strong></span> <span class='ocrx_word' id='word_1_206' title='bbox 1011 2841 1106 2907; x_wconf 91' lang='lat' dir='ltr'><strong>modo</strong></span> <span class='ocrx_word' id='word_1_207' title='bbox 1139 2863 1200 2925; x_wconf 92' lang='lat' dir='ltr'><strong>per</strong></span> 
     </span>
     <span class='ocr_line' id='line_1_30' title="bbox 188 2929 1198 3014; baseline 0 -20"><span class='ocrx_word' id='word_1_208' title='bbox 188 2930 294 2994; x_wconf 89' lang='lat' dir='ltr'><strong>socios</strong></span> <span class='ocrx_word' id='word_1_209' title='bbox 322 2951 359 2995; x_wconf 88' lang='lat' dir='ltr'><strong>ac</strong></span> <span class='ocrx_word' id='word_1_210' title='bbox 385 2953 504 2997; x_wconf 92' lang='lat' dir='ltr'><strong>nomen</strong></span> <span class='ocrx_word' id='word_1_211' title='bbox 526 2929 693 3014; x_wconf 88' lang='lat' dir='ltr'><strong>Latinum,</strong></span> <span class='ocrx_word' id='word_1_212' title='bbox 719 2929 883 2994; x_wconf 90' lang='lat' dir='ltr'><strong>interdum</strong></span> <span class='ocrx_word' id='word_1_213' title='bbox 905 2951 963 3014; x_wconf 89' lang='lat' dir='ltr'><strong>per</strong></span> <span class='ocrx_word' id='word_1_214' title='bbox 986 2929 1111 3013; x_wconf 88' lang='lat' dir='ltr'><strong>equites</strong></span> <span class='ocrx_word' id='word_1_215' title='bbox 1133 2929 1198 2994; x_wconf 81' lang='lat' dir='ltr'><strong>Ro</strong></span> 
     </span>
     <span class='ocr_line' id='line_1_31' title="bbox 188 3014 1198 3101; baseline 0.003 -21"><span class='ocrx_word' id='word_1_216' title='bbox 188 3036 312 3100; x_wconf 88' lang='lat' dir='ltr'><strong>manos,</strong></span> <span class='ocrx_word' id='word_1_217' title='bbox 336 3038 417 3100; x_wconf 92' lang='lat' dir='ltr'><strong>quos</strong></span> <span class='ocrx_word' id='word_1_218' title='bbox 440 3039 514 3101; x_wconf 90' lang='lat' dir='ltr'><strong>spes</strong></span> <span class='ocrx_word' id='word_1_219' title='bbox 538 3017 705 3083; x_wconf 88' lang='lat' dir='ltr'><strong>societatis</strong></span> <span class='ocrx_word' id='word_1_220' title='bbox 729 3039 749 3082; x_wconf 88' lang='lat' dir='ltr'><strong>a</strong></span> <span class='ocrx_word' id='word_1_221' title='bbox 769 3017 865 3101; x_wconf 90' lang='lat' dir='ltr'><strong>plebe</strong></span> <span class='ocrx_word' id='word_1_222' title='bbox 888 3016 1075 3100; x_wconf 84' lang='lat' dir='ltr'><strong>dimoverat,</strong></span> <span class='ocrx_word' id='word_1_223' title='bbox 1101 3014 1198 3083; x_wconf 82' lang='lat' dir='ltr'><strong>Grac-</strong></span> 
     </span>
     <span class='ocr_line' id='line_1_32' title="bbox 188 3104 1199 3190; baseline 0 -21"><span class='ocrx_word' id='word_1_224' title='bbox 188 3104 323 3169; x_wconf 89' lang='lat' dir='ltr'><strong>chorum</strong></span> <span class='ocrx_word' id='word_1_225' title='bbox 351 3105 534 3170; x_wconf 89' lang='lat' dir='ltr'><strong>actionibus</strong></span> <span class='ocrx_word' id='word_1_226' title='bbox 563 3105 692 3170; x_wconf 86' lang='lat' dir='ltr'><strong>0briam</strong></span> <span class='ocrx_word' id='word_1_227' title='bbox 714 3105 810 3189; x_wconf 89' lang='lat' dir='ltr'><strong>ierat,</strong></span> <span class='ocrx_word' id='word_1_228' title='bbox 838 3108 871 3169; x_wconf 90' lang='lat' dir='ltr'><strong>et</strong></span> <span class='ocrx_word' id='word_1_229' title='bbox 893 3104 999 3188; x_wconf 89' lang='lat' dir='ltr'><strong>primo</strong></span> <span class='ocrx_word' id='word_1_230' title='bbox 1022 3104 1199 3190; x_wconf 83' lang='lat' dir='ltr'><strong>Tiberium,</strong></span> 
     </span>
     <span class='ocr_line' id='line_1_33' title="bbox 188 3190 1198 3278; baseline 0 -21"><span class='ocrx_word' id='word_1_231' title='bbox 188 3193 263 3257; x_wconf 91' lang='lat' dir='ltr'><strong>dein</strong></span> <span class='ocrx_word' id='word_1_232' title='bbox 289 3214 410 3274; x_wconf 89' lang='lat' dir='ltr'><strong>paucos</strong></span> <span class='ocrx_word' id='word_1_233' title='bbox 436 3196 513 3277; x_wconf 88' lang='lat' dir='ltr'><strong>post</strong></span> <span class='ocrx_word' id='word_1_234' title='bbox 540 3214 642 3258; x_wconf 90' lang='lat' dir='ltr'><strong>annos</strong></span> <span class='ocrx_word' id='word_1_235' title='bbox 669 3193 780 3258; x_wconf 90' lang='lat' dir='ltr'><strong>eadem</strong></span> <span class='ocrx_word' id='word_1_236' title='bbox 807 3192 1043 3277; x_wconf 81' lang='lat' dir='ltr'><strong>ingredientem</strong></span> <span class='ocrx_word' id='word_1_237' title='bbox 1070 3190 1198 3278; x_wconf 82' lang='lat' dir='ltr'><strong>Gaium,</strong></span> 
     </span>
     <span class='ocr_line' id='line_1_34' title="bbox 188 3279 1198 3346; baseline -0.001 -1"><span class='ocrx_word' id='word_1_238' title='bbox 188 3281 357 3345; x_wconf 89' lang='lat' dir='ltr'><strong>tribunum</strong></span> <span class='ocrx_word' id='word_1_239' title='bbox 394 3281 532 3345; x_wconf 89' lang='lat' dir='ltr'><strong>alterum</strong></span> <span class='ocrx_word' id='word_1_240' title='bbox 570 3281 709 3346; x_wconf 89' lang='lat' dir='ltr'><strong>alterum</strong></span> <span class='ocrx_word' id='word_1_241' title='bbox 739 3280 947 3345; x_wconf 87' lang='lat' dir='ltr'><strong>triumvirum</strong></span> <span class='ocrx_word' id='word_1_242' title='bbox 979 3279 1114 3345; x_wconf 90' lang='lat' dir='ltr'><strong>coloniis</strong></span> <span class='ocrx_word' id='word_1_243' title='bbox 1146 3280 1198 3344; x_wconf 79' lang='lat' dir='ltr'><strong>de</strong></span> 
     </span>
     <span class='ocr_line' id='line_1_35' title="bbox 152 3367 1199 3453; baseline -0.002 -19"><span class='ocrx_word' id='word_1_244' title='bbox 152 3368 360 3453; x_wconf 75' lang='lat' dir='ltr'><strong>aducundis,</strong></span> <span class='ocrx_word' id='word_1_245' title='bbox 388 3391 462 3434; x_wconf 91' lang='lat' dir='ltr'><strong>cum</strong></span> <span class='ocrx_word' id='word_1_246' title='bbox 484 3367 527 3434; x_wconf 91' lang='lat' dir='ltr'><strong>M.</strong></span> <span class='ocrx_word' id='word_1_247' title='bbox 550 3367 666 3434; x_wconf 83' lang='lat' dir='ltr'><strong>Fulvio</strong></span> <span class='ocrx_word' id='word_1_248' title='bbox 689 3367 807 3433; x_wconf 83' lang='lat' dir='ltr'><strong>Flacco</strong></span> <span class='ocrx_word' id='word_1_249' title='bbox 830 3367 916 3433; x_wconf 89' lang='lat' dir='ltr'><strong>ferro</strong></span> <span class='ocrx_word' id='word_1_250' title='bbox 938 3372 1119 3433; x_wconf 87' lang='lat' dir='ltr'><strong>necaverat.</strong></span> <span class='ocrx_word' id='word_1_251' title='bbox 1165 3371 1199 3433; x_wconf 91' lang='lat' dir='ltr'><strong>et</strong></span> 
     </span>
     <span class='ocr_line' id='line_1_36' title="bbox 188 3454 1199 3540; baseline -0.001 -20"><span class='ocrx_word' id='word_1_252' title='bbox 188 3477 265 3522; x_wconf 89' lang='lat' dir='ltr'><strong>sane</strong></span> <span class='ocrx_word' id='word_1_253' title='bbox 299 3455 453 3522; x_wconf 85' lang='lat' dir='ltr'><strong>Gracchis</strong></span> <span class='ocrx_word' id='word_1_254' title='bbox 487 3456 635 3540; x_wconf 91' lang='lat' dir='ltr'><strong>cupidine</strong></span> <span class='ocrx_word' id='word_1_255' title='bbox 667 3455 823 3521; x_wconf 77' lang='lat' dir='ltr'><strong>victoriae</strong></span> <span class='ocrx_word' id='word_1_256' title='bbox 854 3455 942 3520; x_wconf 86' lang='lat' dir='ltr'><strong>haud</strong></span> <span class='ocrx_word' id='word_1_257' title='bbox 979 3456 1059 3521; x_wconf 88' lang='lat' dir='ltr'><strong>satis</strong></span> <span class='ocrx_word' id='word_1_258' title='bbox 1091 3454 1199 3520; x_wconf 91' lang='lat' dir='ltr'><strong>mode·</strong></span> 
     </span>
     <span class='ocr_line' id='line_1_37' title="bbox 151 3542 1199 3628; baseline -0.002 -18"><span class='ocrx_word' id='word_1_259' title='bbox 151 3548 279 3610; x_wconf 72' lang='lat' dir='ltr'><strong>sratus</strong></span> <span class='ocrx_word' id='word_1_260' title='bbox 307 3545 433 3610; x_wconf 88' lang='lat' dir='ltr'><strong>animus</strong></span> <span class='ocrx_word' id='word_1_261' title='bbox 461 3544 533 3609; x_wconf 89' lang='lat' dir='ltr'><strong>fuit.</strong></span> <span class='ocrx_word' id='word_1_262' title='bbox 579 3545 635 3610; x_wconf 87' lang='lat' dir='ltr'><strong>sed</strong></span> <span class='ocrx_word' id='word_1_263' title='bbox 661 3545 748 3610; x_wconf 94' lang='lat' dir='ltr'><strong>bono</strong></span> <span class='ocrx_word' id='word_1_264' title='bbox 776 3543 863 3609; x_wconf 82' lang='lat' dir='ltr'><strong>vinci</strong></span> <span class='ocrx_word' id='word_1_265' title='bbox 890 3542 993 3609; x_wconf 89' lang='lat' dir='ltr'><strong>satius</strong></span> <span class='ocrx_word' id='word_1_266' title='bbox 1022 3547 1072 3609; x_wconf 91' lang='lat' dir='ltr'><strong>est</strong></span> <span class='ocrx_word' id='word_1_267' title='bbox 1100 3565 1199 3628; x_wconf 90' lang='lat' dir='ltr'><strong>quam</strong></span> 
     </span>
    </p>
   </div>
   <div class='ocr_carea' id='block_1_3' title="bbox 920 3754 960 3791">
    <p class='ocr_par' dir='ltr' id='par_1_3' title="bbox 920 3754 960 3791">
     <span class='ocr_line' id='line_1_38' title="bbox 920 3754 960 3791; baseline 0 -16"><span class='ocrx_word' id='word_1_268' title='bbox 920 3754 960 3791; x_wconf 37' lang='lat' dir='ltr'><strong>bx</strong></span> 
     </span>
    </p>
   </div>
   <div class='ocr_carea' id='block_1_4' title="bbox 0 0 1276 4192">
    <p class='ocr_par' dir='ltr' id='par_1_4' title="bbox 0 0 1276 4192">
     <span class='ocr_line' id='line_1_39' title="bbox 0 0 1276 4192; baseline 0 0"><span class='ocrx_word' id='word_1_269' title='bbox 0 0 1276 4192; x_wconf 95' lang='lat' dir='ltr'><strong> </strong></span> 
     </span>
    </p>
   </div>
  </div>
 </body>
</html>
