2542 4192
460 1025 498 1098 O.
526 1023 754 1097 SALLUSTI
782 1023 933 1098 CRISPI

306 1184 627 1274 ORATIONES
659 1189 730 1272 ET
761 1184 1084 1272 nrlsruunn

450 1349 667 1405 axonam
684 1351 733 1406 ΒΕ
752 1350 936 1408 HISTORIIS.

264 1585 409 1664 [onemo
433 1600 552 1648 aarum
576 1600 647 1649 cos.
672 1601 719 1648 an
743 1600 906 1648 rosunum
928 1585 1125 1663 sonarum]

159 1793 172 1840 1
258 1773 452 1840 ‘Clementia
470 1779 503 1838 et
520 1775 669 1858 probitas
688 1778 808 1859 vostra,
828 1774 981 1859 Quirites,
1004 1775 1123 1859 quibus
1142 1798 1203 1861 per

145 1918 148 1925 .
192 1867 316 1929 ceteras
335 1862 443 1948 gentis
458 1863 602 1927 maxumi
616 1867 649 1927 et
663 1862 744 1928 olari
757 1863 846 1947 estis,
864 1863 1051 1947 plurumum
1070 1863 1200 1930 timoris

79 2031 80 2034 Ἴ
192 1951 274 2016 mihi
295 1950 420 2016 faciunt
438 1951 611 2016 advorsum
629 1950 834 2036 tyrannidem
852 1949 888 2014 L.
904 1949 1021 2034 Sullae,
1042 1973 1094 2035 ne,
1117 1974 1201 2037 quae

191 2041 256 2125 ipsi
278 2039 417 2105 nefanda
439 2040 645 2123 aestumatio,
671 2062 710 2104 ea
731 2061 847 2124 parum
874 2039 1034 2104 credundo
1062 2039 1102 2104 de
1125 2040 1200 2105 aliis

193 2128 490 2194 circumveniamini
518 2126 724 2213 (praesertim
751 2149 825 2192 eum
851 2127 902 2190 illi
929 2148 1003 2210 spes
1031 2127 1138 2193 omnis
1167 2129 1202 2193 in

193 2217 312 2282 scelere
335 2220 433 2300 atque
455 2216 591 2300 perfidia
614 2216 778 2299 sitneque
801 2236 834 2279 se
853 2215 950 2279 aliter
967 2218 1078 2280 tutum
1095 2220 1201 2301 putet,

193 2326 290 2388 quam
313 2304 342 2367 si
363 2304 456 2387 peior
478 2308 576 2387 atque
598 2303 818 2368 intestabilior
844 2306 934 2367 metu
956 2307 1067 2368 vostro
1090 2304 1201 2389 fuerit,

193 2411 257 2474 quo
285 2391 389 2473 captis
418 2391 582 2455 libertatis
610 2413 720 2456 curam
747 2391 878 2454 miseria
910 2388 1043 2477 eximat)
1072 2395 1143 2476 aut,
1173 2393 1201 2457 si

192 2477 414 2563 provideritis,
445 2478 480 2542 in
506 2479 651 2543 tutandis
683 2478 835 2562 periculis
863 2478 967 2564 magis
996 2500 1095 2562 quam
1121 2480 1201 2545 ulei-

157 2567 311 2632 ascendo
343 2566 527 2631 teneamini.
580 2566 737 2631 satellites
770 2566 900 2650 quidem
932 2567 1014 2650 eius,
1049 2562 1204 2633 homines⁴

193 2654 336 2719 maxumi
358 2655 510 2740 nominis,
533 2655 675 2738 optumis
698 2655 858 2719 maiorum
881 2655 1049 2739 exemplis,
1071 2675 1200 2740 nequeo

195 2743 275 2808 satis
299 2743 420 2827 mirari,
444 2743 500 2827 qui
523 2743 753 2808 dominationis
776 2743 812 2806 in
829 2763 888 2806 vos
911 2742 1080 2808 servitium
1103 2765 1201 2809 suum

193 2831 373 2895 mercedem
386 2831 466 2896 dant
480 2835 513 2895 et
529 2835 704 2914 utrumque
717 2852 776 2914 per
788 2830 940 2895 iniuriam
955 2830 1081 2895 malunt
1099 2853 1200 2915 quam

158 2921 328 3000 aoptumo
351 2918 421 2983 iure
443 2919 540 2984 liberi
567 2940 676 3004 agere:
705 2918 872 3003 praeclara
893 2917 1071 2983 Brutorum
1099 2923 1199 3004 atque

193 3005 409 3070 Aemiliorum
432 3010 465 3070 et
485 3005 693 3071 Lutatiorum
714 3006 833 3091 proles,
855 3005 959 3091 geniti
982 3007 1023 3070 ad
1045 3030 1091 3091 ea,
1115 3029 1199 3091 quae

157 3094 331 3159 tmaiores
358 3093 480 3159 virtute
506 3116 672 3179 peperere,
700 3094 929 3160 subvortunda.
973 3117 1050 3159 nam
1077 3096 1157 3179 quid
1180 3119 1200 3160 a

193 3183 320 3266 Pyrrho
343 3181 528 3248 Hannibale
550 3181 768 3268 Philippoque
791 3187 824 3247 et
838 3181 1002 3247 Antiocho
1030 3182 1200 3248 defensum

193 3275 244 3335 est
267 3271 354 3335 aliud
377 3292 474 3355 quam
496 3271 632 3336 libertas
655 3275 690 3335 et
712 3292 788 3335 suae
807 3270 922 3354 cuique
945 3270 1037 3335 sedes
1059 3293 1123 3336 neu
1145 3273 1199 3337 cui

158 3359 257 3423 enisi
278 3359 406 3445 legibus
429 3360 639 3444 pareremus?
663 3380 744 3442 quae
767 3362 883 3424 cuneta
906 3379 1039 3423 scaevus
1056 3359 1121 3423 iste
1135 3359 1199 3425 Ro-

193 3446 299 3511 mulus
323 3447 417 3531 quasi
439 3449 480 3512 ab
504 3447 646 3512 externis
668 3451 764 3532 rapta
784 3450 887 3530 tenet,
912 3468 980 3511 non
1001 3450 1054 3510 tot
1080 3448 1199 3513 exerci-

193 3537 286 3597 tuum
317 3535 406 3599 clade
432 3558 538 3620 neque
570 3536 740 3601 consulum
771 3539 804 3600 et
836 3534 973 3599 aliorum
1003 3534 1199 3620 principum,
