2542 4192
337 298 496 354 SMLEQTA
512 300 690 355 VETERUM
708 301 939 376 TESTIMONIA.
1087 304 1152 358 XIII

143 449 235 546 etque
255 447 385 506 exerceri
402 448 548 527 videmus,
571 449 603 508 in
621 448 773 509 adulterio
798 450 1015 526 deprehensum
1038 451 1075 510 ab
1090 449 1152 510 An-

142 534 193 592 nio
211 533 323 593 Milone
347 536 420 595 loris
437 536 513 595 bene
532 555 651 597 caesum
670 537 744 597 dicit
762 540 800 616 et,
823 556 891 598 cum
909 538 1041 598 dedisset
1062 557 1152 615 pecu-

142 621 232 698 niam,
255 621 420 683 dimissum.

209 742 315 822 Ascou.
342 748 375 805 ιἰι
399 744 456 806 Oto.
484 763 526 806 or.
550 765 608 822 pro
635 748 703 807 Mil.
725 766 758 822 p.
781 748 823 806 33
850 749 954 809 Ktesst.
985 748 1152 809 ecsuneu.

113 818 420 904 1(146ι15ῑοιοιιι38
441 834 552 908 caup

209 920 290 979 inter
320 921 433 998 primos
471 924 503 981 et
534 921 567 992 Q
599 921 760 999 Pompeius
797 925 829 982 et
860 921 903 982 Q..
925 921 1152 984 Sallustiuset

144 1008 177 1065 Τ.
199 1007 355 1068 Munatius
383 1009 513 1068 Plancus
539 1009 655 1068 tribuni
680 1010 777 1087 plebis
805 1008 851 1085 [c.
875 1013 937 1070 702
960 1035 1002 1059 =
1026 1009 1085 1086 52]
1107 1011 1151 1069 in·

94 1139 96 1142 Α
143 1094 332 1155 imicissimas
351 1097 505 1157 contiones
524 1098 560 1157 de
574 1097 686 1158 Milone
704 1098 864 1176 hebebant,
882 1098 1045 1158 invidiosas
1060 1099 1153 1158 etiam
1244 1147 1247 1153 .

144 1181 180 1240 de
204 1180 361 1261 Cicerone,
385 1185 466 1261 quod
486 1184 628 1244 Milonem
651 1188 737 1245 tanto
761 1186 862 1246 studio
885 1185 1068 1246 defenderet.
1092 1232 1098 1245 .
1118 1231 1152 1246 ..

143 1272 250 1345 postea
271 1270 433 1348 Pompeius
457 1275 487 1332 et
506 1273 670 1332 Sallustius
692 1274 725 1332 in
747 1274 916 1350 suspicione
939 1275 1064 1334 fuerunt
1085 1273 1151 1332 red-

115 1396 118 1401 ·
144 1357 202 1416 isse
223 1358 256 1417 in
278 1359 408 1436 gretiam
430 1377 500 1419 cum
521 1361 633 1420 Milone
658 1378 692 1420 so
716 1358 865 1420 Cicerone.

92 1520 96 1527 ι
210 1481 269 1540 Dio
293 1481 352 1540 XL
371 1483 420 1548 63,
444 1485 557 1555 ἕσσο..-

211 1565 337 1648 καὶγὰρ
360 1566 477 1647 τιμηταὶ
503 1567 555 1629 τὸν
581 1568 688 1650 χρόνον
711 1576 816 1629 τοῦτον
838 1568 884 1644 [α.
907 1567 1153 1644 704==50]‹‘>'

144 1675 174 1714 τε
196 1655 344 1727 Κλαύδιος
368 1653 384 1715 ὁ
399 1653 527 1727 Ἀππιος
548 1654 599 1716 καί
621 1653 650 1715 ὁ-
660 1655 837 1735 Minoum
838 1655 894 1717 ίτοι
917 1653 957 1735 μὴ
980 1655 1151 1735 βουληθείς,
1214 1685 1221 1695 ·

84 1817 87 1825 ¹
144 1739 286 1820 ἐγένοντο.
330 1742 381 1803 καί
410 1736 496 1815 οὗτος
525 1740 580 1822 μὲν
610 1741 660 1804 διὰ
688 1741 742 1821 τὴν
772 1741 988 1824 ovyyivstocv‘
971 1752 1082 1825 υπῆρχε
1111 1747 1151 1829 τῷ

144 1829 286 1910 Καίσαρι,
315 1827 331 1889 ὁ
355 1827 386 1890 δὲ
410 1828 447 1908 δὴ
470 1829 658 1904 Κλαύδιος’
642 1841 817 1910 ηναντιοῢτο
841 1829 894 1911 μὲν
917 1830 1012 1916 αὐτῷ,
1038 1829 1074 1892 τὰ
1095 1805 1151 1912 γίίρ

144 1925 197 1977 τοῦ
219 1914 421 1997 Πομπηίου“
403 1923 516 2002 posim,
545 1918 601 1980 ουκ
623 1917 754 2000 ἐλάχιστα
777 1916 809 1980 δὲ
830 1917 922 1980 ucel'l
903 1943 984 1981 ακοιν
1007 1916 1151 1997 ὠφέλησε

144 2003 350 2077 πλείστους
318 2029 374 2086 γαρ
400 2004 450 2066 καὶ
475 2014 534 2066 τῶν
562 2004 673 2067 ἱππίων
695 2006 746 2068 καί
767 2014 826 2067 τῶν
848 2009 1015 2116 βουλευτῶν
1037 2005 1151 2087 διέγρα-

144 2105 214 2170 ψεν,
236 2091 494 2172 ἐκβιασάμενος
468 2116 519 2154 τον
542 2093 734 2176 συνάρχοντα,
755 2092 813 2155 ιιαιι
834 2095 941 2155 τούτου
962 2093 1075 2165 πάντας
1097 2117 1151 2152 αυ-

144 2179 213 2251 τους
242 2179 278 2240 τὰ
306 2189 359 2240 τοῦ
388 2180 538 2261 Καίσαρος
567 2203 690 2261 φρονειν
719 2179 787 2241 ἔποί
785 2196 864 2259 ησεν.
915 2178 931 2240 ὁ
960 2179 1016 2262 γὰρ
1046 2179 1092 2239 Πί
1091 2195 1148 2240 σοιν

145 2262 208 2328 οὔτ’
233 2264 327 2339 οίλλὲος
349 2263 495 2349 πράγματ’
521 2266 656 2347 λ’χεινθ
617 2265 656 2328 ἒθ
657 2265 728 2328 ίλων
757 2266 903 2348 καὶπρὸς
925 2265 979 2345 τὴν
1002 2289 1055 2328 του
1077 2291 1150 2347 γαμ-

144 2357 220 2434 βρου
243 2355 345 2432 φιλίαν
367 2355 494 2427 πολλους
515 2355 691 2437 θεραπεύων
714 2353 803 2428 αυτὸς
830 2352 883 2434 μὲν
907 2351 995 2416 ουὸεν
1017 2364 1151 2417 τοιουτον

144 2441 291 2521 ε’ποίησεν,
313 2442 414 2504 ἐκείνω
437 2440 469 2502 δὲ
492 2442 548 2504 ουτ
570 2441 729 2524 ἀντίπραξε
750 2444 861 2515 πάντας
880 2439 933 2523 μὲν
951 2442 1021 2515 τους
1043 2443 1076 2504 ἐκ
1093 2452 1151 2504 των

144 2528 369 2610 ἀπελευθέρων,
394 2531 520 2610 συχνους
550 2528 581 2591 δε
603 2529 733 2592 καὶτῶν
755 2531 836 2592 πάνυ
857 2532 1017 2612 γενναίων,
1045 2528 1151 2603 σίλλους

144 2639 174 2677 τε
195 2616 246 2677 καί
267 2616 318 2679 τὸν
341 2618 475 2698 Κρίσπον
497 2617 548 2679 τὸν
571 2618 754 2680 Σαλουστιου
777 2617 828 2679 τὸν
851 2616 905 2696 τὴν
929 2618 1058 2700 ἱστορίαν
1080 2642 1151 2700 γρα-

143 2719 255 2783 ψαντα,
277 2703 454 2766 ἄπελοίσαντι
475 2705 508 2767 ἔτι
531 2715 584 2767 του
607 2705 772 2786 συνεδρίου.

210 2815 269 2872 iou.
290 2816 323 2872 αι
345 2812 416 2872 Sall.
441 2816 469 2880 6,
492 2815 532 2871 16
550 2831 605 2885 su:

212 2899 293 2976 quod
319 2900 345 2958 si
368 2945 375 2959 .
395 2947 401 2960 .
421 2945 454 2959 ..
481 2899 559 2959 illud
580 2898 748 2958 censorium
771 2897 925 2975 eloquium
947 2895 1040 2972 Appii
1063 2895 1151 2957 Olau-

145 2986 188 3045 ‹lii
211 2990 242 3045 et
263 2987 296 3046 L.
309 2987 450 3064 Pisonis,
472 2988 734 3064 integerrimorum
755 2985 903 3062 virorum,
927 3004 986 3061 quo
1009 3001 1083 3044 usus
1106 2988 1152 3044 est

145 3075 272 3151 quisque
292 3093 404 3153 eorum,
422 3095 477 3152 pro
495 3076 562 3152 lege
579 3075 682 3151 pelam
698 3073 848 3135 universis
865 3072 1032 3151 recitarem,
1054 3092 1151 3132 nonne

143 3161 201 3219 tibi
223 3161 341 3222 viderer
364 3166 501 3222 aeternas
524 3163 644 3222 lnurere
666 3161 813 3236 macules,
844 3178 918 3237 quas
947 3160 1065 3237 relique
1086 3160 1151 3221 vita
1236 3209 1241 3220 ,

144 3252 200 3307 tue
222 3246 322 3309 eluere
344 3270 404 3310 non
423 3248 548 3327 posset?
575 3269 671 3327 neque
693 3252 764 3327 post
790 3249 879 3308 illum
901 3248 1045 3307 dilectum
1067 3265 1151 3306 sene-

143 3339 195 3395 tus
217 3337 348 3397 vidimus
371 3341 412 3416 te,
434 3338 495 3397 nisi
516 3339 595 3398 forte
617 3339 649 3397 ln
672 3356 708 3397 ee
729 3340 761 3397 te
784 3340 883 3396 castre
906 3334 1067 3410 coniecisti,
1091 3353 1150 3410 quo
1179 3368 1189 3385 ·

144 3424 240 3483 omnis
268 3427 386 3485 sentino
411 3426 457 3484 rei
482 3425 620 3503 publices
648 3425 841 3485 confluxerat.
887 3424 920 3481 at
945 3421 1025 3480 idem
1053 3421 1151 3480 Sallu-

143 3513 237 3591 stius,
268 3514 321 3590 qni
347 3514 379 3572 in
401 3532 475 3590 pecc
505 3532 542 3572 ne
566 3516 685 3573 senator
707 3512 830 3589 quidem
851 3512 1017 3586 manserat,
1046 3514 1152 3586 postea

143 3619 233 3678 quem
263 3619 312 3661 res
339 3593 469 3678 publico
491 3601 581 3660 ermis
611 3617 753 3676 oppresse
783 3602 843 3677 est,
877 3597 957 3657 idem
985 3617 1004 3658 e
1029 3597 1173 3676 rictore‚'
