2542 4192
255 242 401 298 BELLUM
418 240 680 298 IUGURTHLNUM
699 258 721 297 ο.
742 247 872 297 oe-101.
1004 241 1069 306 113

57 410 102 454 ex
122 387 322 474 legionibus,
344 409 403 471 pro
428 387 544 452 castris
568 387 658 470 equit
659 408 693 451 es
643 385 904 451 tauxiliarios
928 385 1070 470 mittere,

58 479 230 560 praeterea
261 475 343 540 alios
376 496 473 576 super
504 475 662 540 vallum
652 497 688 538 m
714 474 924 539 munimentis
952 474 1068 558 locare,

59 564 219 650 vigilias
210 585 281 647 1pse
300 563 478 648 circumire,
499 585 567 627 non
584 562 741 626 diffident'
717 565 764 625 tra
782 561 933 627 factum
923 562 965 625 ιιι
986 583 1068 645 quae

60 651 304 736 imperavisset,
346 673 444 734 quam
479 651 530 715 uti
566 650 727 715 militibus
761 653 957 734 exaequatus
995 671 1068 714 cum

59 740 259 824 imperatore
290 739 384 804 labor
415 738 525 804 volent
526 738 599 803 ibus
632 742 726 803 esset
776 742 810 802 et
841 759 917 802 sane
944 736 1105 802 Mariuss

59 828 184 911 illoque
216 826 353 910 aliisque
385 827 586 911 temporibus
617 825 806 911 Iugurthini
836 826 916 890 belli
946 826 1068 910 pudore

60 916 168 1002 magis
196 936 294 999 quam
321 915 407 980 malo
436 915 612 980 exercitum
640 914 818 979 coercebat.
864 914 950 997 quod
972 914 1069 978 multi

60 1025 121 1086 per
150 1002 363 1067 ambitionem
389 1002 460 1066 fieri
488 1003 631 1067 aiebant:
664 1025 683 1066 a
709 1001 851 1086 pueritia
881 1006 1069 1066 consuetam

61 1090 218 1155 duritiam
239 1094 274 1154 et
297 1091 374 1175 alia,
402 1112 483 1174 quae
506 1091 606 1155 ceteri
629 1090 776 1154 miserias
799 1093 930 1173 vocant,
958 1090 1069 1173 volup-

62 1179 127 1244 tati
149 1178 317 1263 habuisse5
343 1178 409 1243 nisi
432 1182 542 1243 tamen
568 1200 621 1243 res
642 1178 774 1262 publica
795 1178 919 1261 pariter
941 1198 979 1242 ac
1003 1198 1069 1241 sae

61 1267 207 1332 vissumo
230 1266 366 1350 imperio
389 1268 471 1331 bene
494 1271 592 1351 atque
615 1267 729 1331 decore
752 1269 854 1352 gesta.

129 1352 237 1439 Igitur
266 1358 383 1438 quarto
411 1354 548 1437 denique
575 1354 626 1417 die
653 1353 741 1419 haud
762 1355 860 1439 longe
884 1354 924 1418 ab
949 1354 1068 1439 oppido
1085 1352 1154 1417 101,

62 1441 156 1508 Cirta
178 1442 319 1525 undique
343 1442 440 1506 simul
463 1441 682 1526 speculatores
706 1442 764 1506 citi
786 1463 856 1506 sese
885 1443 1069 1525 ostendunt,

62 1551 129 1614 qua
155 1552 190 1594 re
217 1529 323 1594 hostis
356 1531 468 1594 adesse
499 1529 710 1616 intellegitur.
755 1529 811 1593 sed
843 1530 920 1612 quia
949 1530 1104 1594 divorsis

61 1618 234 1682 redeuntes
253 1618 336 1683 alius
360 1619 401 1682 ab
420 1618 485 1682 alia
502 1621 595 1701 parte
618 1621 715 1700 atque
739 1639 849 1681 omnes
868 1617 955 1681 idem
972 1617 1070 1702 signi-
1189 1625 1192 1629 ’

61 1706 216 1788 ficabant,
236 1706 347 1770 consul
365 1706 519 1789 incertus,
538 1727 679 1789 quonam
698 1705 793 1769 modo
813 1705 916 1770 aciem
933 1705 1070 1770 instrue-

61 1797 124 1877 ret,
147 1793 238 1858 nullo
263 1792 373 1858 ordine
397 1797 586 1859 conmutato
610 1794 782 1859 advorsum
805 1793 913 1858 omnia
934 1797 1069 1877 paratus

61 1881 185 1946 ibidem
208 1882 384 1965 opperitur,
429 1883 478 1946 ita
499 1881 694 1967 Iugurtham
717 1903 791 1965 spes
814 1881 985 1965 frustrata,
1014 1881 1069 1965 qui
1088 1895 1104 1942 3

62 1970 175 2053 copias
197 1969 233 2034 in
255 1973 410 2052 quattuor
431 1970 535 2053 partis
558 1970 778 2054 distribuerat,
801 1974 892 2034 ratus
912 1991 952 2033 ex
969 1970 1070 2035 omni·

62 2058 126 2123 bus
145 2078 246 2140 aeque
265 2057 390 2140 aliquos
410 2057 451 2121 ab
470 2060 563 2143 tergo
581 2057 732 2122 hostibus
746 2061 910 2121 venturos.
937 2057 1069 2120 interim
1088 2070 1105 2117 4

64 2143 166 2228 Sulla,
185 2166 281 2228 quem
298 2145 440 2229 primum
452 2144 565 2209 hostes
580 2145 767 2231 attigerant,
786 2144 975 2209 cohortatus
992 2165 1068 2208 suos

62 2233 235 2297 turmatim
258 2236 291 2297 et
315 2255 412 2316 quam
434 2255 584 2297 maxume
607 2232 762 2298 confertis
788 2232 879 2315 equis
906 2231 977 2314 ipse
1001 2231 1069 2295 alii-

64 2342 127 2405 que
159 2320 291 2386 Mauros
323 2321 494 2405 invadunt,
527 2321 626 2386 ceteri
657 2320 693 2384 in
722 2321 794 2385 loco
828 2321 994 2384 manentes
1028 2319 1068 2382 ab

63 2408 179 2473 iaculis
207 2408 332 2498 eminus
360 2409 487 2473 emissis
515 2430 651 2493 corpora
677 2412 788 2493 tegere
816 2412 862 2492 et,
894 2408 922 2472 si
952 2407 1008 2491 qui
1035 2408 1070 2472 in

65 2517 180 2560 manus
203 2501 372 2580 venerant,
404 2497 606 2562 obtruncare.
652 2498 729 2561 dum
759 2519 796 2561 eo
819 2496 915 2560 modo
944 2495 1104 2579 equitess

64 2584 274 2668 proeliantur,
297 2584 445 2649 Bocchus
464 2608 538 2650 cum
556 2585 729 2668 peditibus,
753 2606 833 2668 quos
848 2583 965 2667 Volux,
982 2584 1069 2648 filius

63 2672 144 2755 eius,
167 2672 344 2737 adduxerat
364 2694 469 2756 neque
488 2673 646 2756 inpriore
668 2693 786 2757 pugna,
808 2672 843 2735 in
864 2671 981 2735 itinere
1004 2693 1070 2735 mo·
1147 2715 1149 2721 -

64 2760 144 2844 rati,
174 2759 357 2843 adfuerant,
388 2764 587 2844 postremam
610 2760 831 2825 Romanorum
855 2758 957 2822 aciem
983 2759 1070 2822 inva-

64 2849 154 2912 dunt.
200 2851 270 2911 tum
292 2846 415 2912 Marius
439 2849 524 2932 apud
545 2848 668 2932 primos
692 2848 820 2933 agebat,
843 2847 929 2930 quod
950 2845 998 2910 ibi
1020 2845 1070 2911 Iu·
1089 2863 1105 2911 o

64 2935 187 3020 gurtha
223 2957 297 3000 cum
331 2937 490 3020 plurumis
528 2939 606 3000 erat.
660 2935 734 3000 dein
763 2934 907 2999 Numida
938 2934 1070 3020 cognito

64 3022 188 3087 Bocchi
211 3024 351 3088 adventu
374 3024 458 3088 clam
477 3046 550 3088 oum
567 3023 679 3108 paucis
698 3025 738 3088 ad
754 3024 880 3107 pedites
899 3023 1070 3088 convortit.

64 3111 113 3175 ibi
131 3109 194 3174 Lat
180 3111 248 3176 tine
273 3109 361 3197 (nam
384 3112 469 3196 apud
486 3110 700 3176 Numantiam
717 3111 808 3196 loqui
827 3111 982 3176 didicero
968 3109 996 3196 )
1021 3132 1071 3175 ex-

65 3198 187 3263 clamat
214 3203 345 3264 nostros
372 3199 495 3264 frustra
517 3221 675 3350 pugnalre,
706 3200 804 3284 paulo
833 3203 907 3263 ante
875 3197 1071 3263 teMarium

65 3307 125 3351 sua
153 3308 250 3352 manu
278 3288 328 3351 int
313 3286 494 3353 etrf.ectum
541 3288 637 3352 simul
665 3288 823 3438 gladium
838 3286 993 3372 sanguine
1017 3285 1071 3349 ob·

64 3374 162 3437 litum
186 3375 368 3458 ostendere,
397 3397 493 3458 quem
515 3375 550 3439 in
572 3395 682 3461 pugna
710 3378 761 3438 sat
762 3375 790 3438 is
813 3373 941 3459 inpigre
964 3372 1070 3437 occiso

63 3461 174 3544 pedite
191 3467 305 3528 nostro
326 3467 559 3528 cruentaverat.
592 3463 678 3547 quod
695 3462 753 3526 ubi
771 3461 892 3527 milites
911 3481 1071 3544 accepere,
1090 3477 1105 3525 ι

65 3549 170 3635 magis
186 3551 359 3616 atrocitate
373 3573 421 3616 re1
430 3573 527 3635 quam
541 3551 604 3616 fide
612 3550 720 3615 nuntu
729 3553 901 3634 terrentur,
911 3548 1072 3632 simulque

120 3659 169 3702 San
171 3673 278 3706 aaaaaaa
896 3657 913 3707 8
