2542 4192
310 242 456 297 BELLUM
474 242 668 298 CATILINAE
687 260 710 300 c.
729 251 772 300 51.
793 251 833 300 52.
1040 248 1083 313 33

71 389 197 454 frustra
224 386 343 452 iudicia
369 386 526 469 inplores.
554 391 649 470 capta
630 389 755 453 aurbe
781 390 865 454 nihil
894 391 934 455 fit
965 391 1082 475 reliqui

72 476 178 541 victis.
224 474 289 558 sed,
310 495 369 557 per
391 474 500 538 deos
491 479 613 539 ιιιιιιοιι
599 475 685 559 talis,
707 498 765 541 vos
785 498 846 562 ego
865 479 1002 562 appello,
1026 501 1118 563 qu15

74 584 202 647 semper
220 562 333 626 domos
347 561 495 661 villas,¹
470 567 592 662 signat
578 562 706 626 tabulas
720 569 848 629 vostras
863 567 968 649 pluris
984 589 1082 650 quam

72 673 143 716 rem
165 650 330 734 publicam
348 647 452 713 fecist'
429 654 486 713 t1s:
510 649 538 713 si
555 650 629 733 ista,
649 651 878 736 cuiuscumque
898 655 986 718 modi
1006 659 1082 719 sunt

72 760 157 823 quae
190 736 431 820 amplexamini,
463 736 614 820 retinere,
647 738 675 801 si
703 740 854 840 voluptat
804 740 929 805 ttibus
962 743 1082 807 vostris

72 826 179 892 otium
210 824 364 909 praebere
396 824 509 908 voltis,
545 825 806 925 expergiscimini
839 828 1011 912 aliquando
1049 834 1082 893 et

72 913 233 996 capessite
260 933 330 976 rem
355 912 528 1011 publicam.
572 934 639 976 non
666 913 775 997 agitur
803 915 841 978 de
866 917 1117 1000 vectigalibuse

72 1022 177 1103 neque
204 1000 243 1064 de
269 999 431 1063 sociorum
452 998 594 1062 iniuriis:
621 999 720 1064 libert
706 1004 814 1066 ttasa
838 1003 946 1067 anima
966 1008 1082 1069 nostra

72 1087 229 1153 indubio
254 1089 314 1150 est.

141 1173 242 1258 Saepe
268 1195 417 1258 numero,
444 1178 554 1257 patres
582 1175 745 1259 conscript
747 1176 771 1258 i,
799 1178 903 1241 multa
925 1178 1056 1242 verba
1046 1201 1082 1242 m
1101 1203 1117 1253 ⁷

71 1263 136 1328 hoc
159 1262 269 1326 ordine
292 1260 368 1345 feci,
396 1283 491 1344 saepe
514 1262 553 1325 de
581 1263 708 1326 luxuria
736 1267 834 1347 atque
862 1264 1000 1329 avaritia
1026 1288 1082 1330 no·

72 1355 218 1416 strorum
245 1349 364 1414 civium
387 1353 520 1432 questus
544 1371 629 1449 sum,
657 1351 843 1434 multosque
866 1354 1016 1417 mortalis
1045 1375 1083 1418 ea

72 1460 171 1504 eausa
199 1437 353 1502 advorsos
380 1436 494 1500 habeo.
544 1437 600 1519 qui
631 1437 712 1500 mihi
740 1441 838 1521 atque
866 1440 975 1504 animo
1007 1462 1117 1516 meos

71 1525 195 1591 nullius
217 1546 372 1607 umquam
395 1523 506 1588 delicti
529 1523 671 1608 gratiam
692 1523 855 1610 fecissem,
877 1526 963 1591 haud
986 1526 1081 1592 facile

72 1613 209 1678 alterius
232 1611 371 1676 lubidini
394 1609 583 1676 malefacta
602 1612 832 1679 condonabam
869 1615 925 1678 sed
943 1636 981 1678 ea
1001 1619 1082 1678 t-am
1101 1643 1116 1691 9

73 1701 138 1767 etsi
169 1722 227 1764 vos
258 1700 351 1783 parvi
379 1699 584 1783 pendebatis,
615 1703 726 1764 tamen
752 1722 804 1765 res
830 1701 961 1785 publica
988 1702 1083 1766 firma

73 1792 154 1871 erat,
178 1787 344 1871 opulentia
361 1787 601 1872 neglegentiam
619 1789 791 1853 tolerabat.
826 1812 912 1855 nunc
926 1813 1002 1855 vero
1016 1813 1083 1855 non
1102 1817 1136 1866 10

73 1877 106 1940 id
133 1875 255 1961 agitur,
281 1874 416 1939 bonisne
440 1897 482 1938 an
505 1875 600 1939 malis
623 1875 768 1941 moribus
791 1877 951 1962 vivamus,
977 1900 1082 1962 neque

73 1967 233 2047 quantum
257 1965 314 2026 aut
337 1983 435 2045 quam
457 1963 666 2048 magnificum
688 1963 861 2046 imperium
883 1966 996 2048 populi
1019 1965 1082 2030 Ro-

74 2051 163 2116 mani
182 2050 234 2133 sit,
253 2050 309 2114 sed
326 2049 415 2133 haec,
434 2050 662 2132 cuiuscumque
681 2051 768 2114 modi
787 2051 946 2135 videntur,
967 2056 1083 2116 nostra

74 2161 118 2203 an
138 2138 310 2203 nobiscum
331 2160 396 2201 una
418 2136 563 2201 hostium
585 2136 696 2200 futura
714 2136 789 2200 sint.
825 2137 879 2202 hio
897 2139 978 2202 mihi
997 2138 1082 2222 quis·
1102 2167 1135 2215 11

75 2249 174 2310 quam
196 2224 476 2290 mansuetudinem
499 2228 533 2287 et
551 2223 806 2288 misericordiam
823 2225 979 2290 nominat.
1016 2226 1082 2290 iam

73 2313 200 2398 pridem
231 2312 379 2396 equidem
405 2333 465 2376 nos
492 2333 569 2376 vera
595 2311 752 2376 vocabula
774 2334 882 2377 rerum
905 2314 1082 2379 amisimus.

76 2401 153 2484 quia
178 2401 265 2465 bona
293 2400 398 2464 aliena
425 2398 539 2484 largiri
565 2398 760 2484 liberalitas,
786 2402 945 2466 malarum
973 2424 1082 2467 rerum

76 2488 210 2553 audacia
237 2487 395 2552 fortitudo
418 2491 566 2569 vocatur,
589 2509 627 2551 eo
650 2509 702 2550 res
724 2489 856 2571 publica
878 2489 913 2554 in
935 2494 1080 2557 extremo

76 2577 142 2640 sita
168 2579 227 2640 est.
278 2575 344 2639 sint
371 2597 461 2659 sane,
493 2574 647 2658 quoniam
674 2575 721 2638 ita
754 2597 788 2640 se
816 2598 922 2640 mores
950 2577 1135 2661 habent,1a

75 2663 227 2727 liberales
260 2685 299 2727 ex
333 2662 494 2727 sociorum
520 2662 674 2744 fortunis,
703 2663 769 2726 sint
796 2663 1019 2728 misericordes
1047 2665 1083 2728 in

75 2750 203 2815 furibus
231 2749 348 2815 aerari:
374 2772 415 2815 ne
442 2750 490 2813 illi
517 2749 707 2835 sanguinem
728 2754 879 2813 nostrum
901 2750 1083 2836 largiantur

76 2842 123 2922 et,
151 2838 228 2901 dum
256 2839 367 2923 paucis
391 2837 557 2902 sceleratis
579 2840 730 2921 parcunt,
757 2837 861 2902 bonos
885 2838 990 2903 omnis
1013 2862 1083 2923 per·

76 2926 182 2990 ditum
203 2929 288 2990 eant.

142 3012 230 3078 Bene
262 3019 295 3078 et
324 3013 491 3096 conposite
520 3009 554 3078 O.
582 3011 700 3077 ansar
729 3014 827 3097 paulo
856 3019 931 3081 ante
958 3016 993 3080 in
1019 3016 1082 3081 hoc
1103 3033 1136 3080 13

76 3100 188 3165 ordine
211 3101 250 3166 de
273 3101 341 3165 vita
364 3106 396 3166 et
419 3104 525 3165 morte
548 3100 714 3184 disseruit,
740 3103 834 3167 credo
858 3103 941 3168 falsa
964 3104 1083 3168 existu-

76 3210 170 3253 mans
193 3210 240 3273 ea,
264 3210 345 3271 quae
367 3189 406 3254 de
428 3188 542 3253 inferis
565 3193 786 3253 memorantur
786 3191 947 3274 ,divorso
965 3190 1082 3254 itinere

75 3275 181 3340 malos
205 3298 225 3340 a
246 3276 341 3340 bonis
364 3277 436 3341 loca
459 3280 565 3340 taetra
587 3275 719 3360 inculta
741 3277 893 3342 foedat
859 3283 956 3361 atque
974 3276 1084 3341 formi-

76 3362 191 3428 dulosa
212 3363 340 3429 habere.
384 3364 496 3448 itaque
519 3364 645 3429 censuit
657 3365 819 3465 pecunias
843 3387 955 3429 eorum
979 3365 1083 3448 publi·
1104 3380 1137 3428 14

77 3450 209 3534 candas,
241 3451 331 3534 ipsos
362 3473 420 3536 per
449 3452 626 3534 municipia
654 3452 689 3515 in
720 3451 877 3516 custodiis
908 3450 1083 3537 habendos,

77 3537 228 3604 videlicet
251 3539 379 3624 timens,
401 3562 451 3624 ne,
474 3562 502 3604 s1
493 3539 688 3603 Romae
663 3543 738 3624 smt,
761 3543 818 3603 aut
836 3561 856 3603 a
873 3541 1084 3624 popularibus

133 3648 296 3693 Βιιιιιιιιιιιι.
910 3648 926 3695 3
