2542 4192
291 276 437 332 BELLUM
454 275 714 333 IUGURTHINUM
731 295 754 335 c.
773 286 886 337 eo-ea.
1032 281 1095 346 107

88 425 147 485 aut
175 420 309 485 deorum
340 425 422 486 nutu
454 425 571 487 cuncta
598 423 757 505 portendi
802 424 858 489 sed
881 424 1007 509 consul,
1039 425 1131 492 ubia

89 530 127 573 ea
149 529 201 572 res
225 509 307 574 bene
331 510 451 593 evenit,
478 510 519 574 ad
542 509 607 573 alia
630 510 749 594 oppida
770 512 893 597 pergit,
924 534 1028 596 pauca
1050 535 1097 577 re·

87 601 236 697 pugnant
222 597 310 661 tibus
324 561 476 662 Numidis
493 598 592 698 capit,
614 599 709 682 plura
723 599 850 664 deserta
867 599 1097 684 1111111011-

88 685 232 749 sensium
255 685 403 749 miserias
433 685 503 770 igni
526 686 725 769 conrumpit:
697 687 847 752 tluctu
875 691 973 772 atque
1001 689 1096 754 caede

88 772 199 837 omnia
229 774 428 858 conplentur.
478 773 628 858 denique,
655 774 748 839 mult'
725 777 768 839 111
795 775 876 840 11111
904 777 1030 860 potitus
1058 793 1132 842 114

86 860 252 944 plerisque
281 861 425 926 exercitu
451 860 635 946 incruento,
667 862 766 926 aliam
797 884 866 927 rem
899 865 1097 949 aggreditur,

86 970 154 1013 non
177 949 289 1013 eadem
311 949 488 1033 asperitate
512 971 576 1032 qua
599 949 820 1035 Capsensium,
844 954 988 1017 ceterum
1010 952 1097 1017 haud

87 1057 181 1102 secus
204 1035 378 1102 difficilem.

154 1123 304 1208 Namque
335 1125 422 1189 haud
452 1125 550 1211 longe
582 1147 602 1190 a
630 1126 762 1190 flumine
790 1124 978 1210 Muluccha,
1011 1128 1133 1210 quoda

86 1211 267 1299 Iugurthae
293 1213 480 1297 Bocchique
507 1235 645 1299 regnum
674 1214 878 1301 diiungebat,
909 1218 980 1280 1111
1010 1215 1098 1280 inter

87 1306 232 1366 ceteram
238 1301 420 1402 planitiem
438 1323 533 1366 mons
552 1323 677 1385 saxeus,
695 1303 850 1368 mediocri
865 1308 935 1368 cast
921 1304 1000 1368 tello
1016 1303 1097 1368 satis

86 1388 245 1472 patens,
235 1411 271 1452 m
292 1389 476 1454 inmensum
499 1389 615 1473 editus,
637 1411 701 1454 uno
720 1396 919 1476 perangusto
941 1392 1032 1456 aditu
1050 1414 1099 1456 re·

86 1476 181 1560 licto,
206 1499 285 1541 nam
312 1477 417 1542 omnis
443 1481 561 1542 natura
583 1477 673 1542 velut
701 1499 797 1561 opere
821 1483 918 1562 atque
946 1481 1096 1544 consulto

86 1586 250 1649 praeceps.
297 1587 394 1648 quem
420 1565 528 1631 locum
554 1563 692 1650 Marius,
725 1566 811 1648 quod
837 1566 885 1631 ibi
912 1568 1000 1652 regis
1028 1568 1131 1634 theo

86 1653 177 1718 sauri
206 1656 312 1738 erant,
343 1674 469 1717 summa
495 1653 528 1717 11
556 1674 669 1738 capere
696 1653 746 1717 int
732 1653 845 1718 tendit.
894 1655 950 1719 sed
978 1677 1016 1719 ea
1043 1677 1095 1719 res

86 1741 173 1806 forte
188 1763 286 1825 quam
301 1741 436 1806 11111111
451 1741 567 1806 melius
582 1746 685 1842 gesta.
710 1764 788 1806 nam
802 1745 873 1807 cast
859 1742 982 1808 11111
951 1765 1096 1808 virorum
1115 1763 1131 1812 1

86 1833 186 1912 atque
205 1851 370 1894 armorum
388 1829 479 1914 satis,
501 1851 620 1914 magna
642 1830 742 1909 1111[1
745 1830 953 1911 1111111111
970 1834 1005 1896 et
1022 1831 1095 1896 fons

86 1939 209 2004 aquae,
232 1917 406 2004 aggeribus
429 1918 638 2003 turribusque
656 1922 690 1983 et
709 1919 786 1983 altis
800 1918 1096 1985 machinationibus

85 2006 178 2071 11111
201 2006 411 2090 inportunus;
432 2005 497 2071 iter
520 2006 771 2070 castellanorum
790 2011 966 2092 angustum
989 2009 1097 2072 admo-

87 2094 178 2179 dum,
200 2094 365 2177 utrimque
386 2094 577 2179 praecisum.
622 2093 734 2158 vineae
762 2115 835 2158 cum
861 2094 988 2179 ingenti
1014 2095 1133 2178 peri-8

86 2182 161 2247 culo
185 2181 309 2247 frustra
332 2182 527 2267 agebantur,
553 2203 631 2245 nam
659 2203 733 2247 cum
760 2203 816 2245 eae
843 2182 941 2265 paulo
970 2203 1097 2265 proces·

87 2274 211 2354 serant,
242 2270 313 2355 igni
341 2273 399 2334 aut
426 2269 588 2353 lapidibus
621 2269 924 2355 corrumpebantur.
974 2269 1131 2338 militesa

85 2380 192 2442 neque
218 2380 278 2442 pro
307 2379 405 2442 opere
433 2357 611 2422 consistere
638 2361 774 2442 propter
800 2357 1010 2442 iniquitatem
1031 2355 1097 2423 loci

86 2467 191 2530 neque
209 2446 297 2511 inter
310 2447 421 2511 vineas
440 2445 510 2510 sine
524 2445 667 2530 periculo
682 2445 923 2511 administrare:
943 2451 1096 2530 optumus

88 2535 225 2618 quisque
244 2535 355 2599 cadere
380 2537 436 2599 aut
459 2534 606 2617 sauciari,
629 2535 745 2599 ceteris
769 2538 876 2600 metus
904 2535 1025 2620 augeri.
1062 2537 1150 2602 1193

87 2622 212 2687 Marius
237 2623 350 2686 multis
374 2622 487 2687 diebus
511 2626 545 2686 et
566 2622 733 2687 laboribus
757 2622 958 2705 consumptis
982 2622 1096 2686 auxius

86 2711 217 2776 trahere
231 2732 306 2775 cum
321 2711 428 2775 animo
444 2732 512 2794 suo,
529 2709 736 2774 omitteretne
749 2709 924 2793 inceptum,
943 2709 1097 2792 quoniam

86 2799 211 2866 frustra
233 2804 313 2884 erat,
336 2821 379 2862 an
400 2797 566 2863 fortunam
590 2798 801 2881 opperiretur,
825 2818 889 2880 qua
911 2817 1006 2879 saepe
1024 2818 1098 2880 pro-

86 2909 181 2971 spere
204 2908 282 2953 usus
305 2886 421 2952 fuerat
468 2907 550 2970 quae
580 2907 654 2950 cum
681 2885 802 2949 multos
830 2885 898 2950 dies
925 2884 1133 2968 noctisquea

87 2979 241 3040 aestuans
265 2976 420 3062 agitaret,
442 2974 529 3039 forte
552 2973 684 3057 quidam
706 2972 822 3059 Ligus,
845 2995 883 3037 ex
907 2972 1097 3038 cohortibus

87 3063 268 3130 auxiliariis
291 3064 385 3129 miles
409 3062 594 3148 gregarius,
622 3062 738 3127 castris
766 3066 922 3146 aquatum
946 3082 1098 3147 egressus

86 3152 175 3216 haud
201 3152 314 3235 procul
343 3152 383 3216 ab
411 3152 514 3215 latere
542 3154 612 3215 cast
598 3150 682 3234 11111,
710 3151 797 3234 quod
828 3171 980 3214 avorsum
1006 3170 1098 3233 proe-

87 3239 246 3304 liantibus
274 3243 358 3324 erat,
391 3239 535 3304 animum
564 3238 707 3302 advortit
733 3238 820 3302 inter
848 3259 926 3301 saxa
952 3237 1096 3320 repentis

87 3329 223 3412 cocleas,
247 3349 384 3412 quarum
403 3349 477 3393 oum
494 3349 593 3391 unam
612 3330 715 3410 atque
730 3325 876 3407 alteram,
894 3324 969 3387 dein
985 3324 1096 3407 plures

86 3420 228 3501 peteret,
260 3415 368 3481 studio
395 3414 528 3501 legundi
554 3414 715 3498 paulatim
740 3433 841 3496 prope
869 3411 911 3475 ad
934 3433 1096 3476 summum

86 3505 210 3570 montis
233 3524 384 3606 egressus
404 3507 463 3569 est
499 3503 556 3567 ubi
573 3506 650 3586 post
652 3523 750 3585 quam
773 3499 1013 3565 solitudinem
1003 3500 1098 3565 111-11
1115 3517 1133 3566 3

85 3593 181 3678 lexit,
214 3613 303 3658 more
335 3593 393 3678 ing
394 3592 447 3657 eni
472 3590 607 3655 humani
634 3589 750 3673 cupido
778 3587 924 3653 difficilia
954 3588 1098 3654 faciundi
