2542 4192
276 413 439 480 SELEOTA
453 415 632 470 VETERUM
650 414 880 471 TESTIMONIA.
1014 416 1093 471 XVII

145 565 222 624 Suet.
245 566 263 624 l.
287 566 320 622 I:

80 646 203 732 (Ateius
225 642 413 731 philologus)
437 652 563 712 uoluit.
609 696 643 711 ..
667 649 698 709 O.
723 651 902 725 Sallustium
925 655 956 711 et
979 671 1013 712 eo
1040 652 1089 712 de-

78 742 184 799 functo
208 740 349 798 Asinium
367 738 544 817 Pollionem,
568 757 643 815 quos
662 739 821 798 historiam
838 758 1014 816 componere
1038 759 1089 818 ag-

79 845 208 905 gressos,
231 829 362 887 alterum
379 826 529 888 breviario
547 846 649 885 rerum
668 828 801 886 omnium
819 828 1031 904 Romanarum,
1055 847 1091 887 ex

80 916 192 992 quibus
216 934 291 992 quas
314 915 407 975 vellet
430 914 564 992 eligeret,
588 915 744 991 instruxit,
767 916 899 974 alterum
920 917 1089 992 praeceptis

78 1004 116 1061 de
139 1003 257 1062 ratione
281 1002 438 1062 scribendi.
484 1022 544 1078 quo
573 1002 669 1080 magis
691 1003 785 1062 miror
806 1002 973 1062 Asinium
996 1004 1089 1063 credi-

80 1091 168 1167 disse,
192 1091 318 1167 antiqua
337 1108 406 1148 eum
423 1089 515 1150 verba
534 1093 565 1149 et
582 1090 694 1167 figuras
714 1091 838 1149 solitum
861 1108 924 1150 esse
948 1092 1088 1169 colligere
1127 1138 1129 1142 ,

80 1179 240 1254 Sallustio,
270 1197 339 1237 cum
372 1176 429 1236 sibi
459 1178 535 1236 sciat
563 1178 639 1235 nihil
667 1177 751 1236 alind
782 1178 906 1236 suadere
936 1198 1027 1255 qnam
1053 1183 1089 1238 nt

79 1269 152 1326 noto
171 1266 314 1342 civilique
329 1268 360 1323 et
373 1265 496 1341 proprio
516 1284 650 1325 sermone
669 1268 783 1342 utatur,
807 1265 943 1342 nitetque
961 1267 1089 1325 maxime

80 1353 295 1413 obscuritatem
319 1352 447 1412 Sallusti
470 1356 501 1413 et
523 1353 679 1412 audaciam
701 1353 733 1411 in
756 1353 1013 1414 translationibus.

80 1547 242 1606 Lenaeus
264 1546 368 1623 Magni
390 1546 514 1622 Pompei
536 1545 664 1605 libertus
783 1549 869 1606 tauto
895 1563 994 1606 amore
1018 1565 1089 1625 erga

79 1635 201 1710 patroni
217 1634 392 1693 memoriam
411 1634 521 1710 extitit,
543 1636 579 1692 ut
599 1633 777 1692 Sallustium
795 1633 984 1711 historicum,
1008 1635 1089 1711 quod

81 1741 152 1780 eum
180 1721 238 1780 oris
264 1721 365 1798 probi,
393 1721 492 1780 animo
521 1720 720 1780 inverecundo
750 1720 931 1798 scripsisset,
961 1723 1088 1780 acerbis-

81 1809 157 1868 sima
176 1813 279 1868 satura
296 1809 483 1886 laceraverit,
506 1810 677 1867 lastaurum
696 1811 727 1867 et
744 1808 919 1867 lurchonem
942 1812 973 1868 et
993 1809 1097 1868 nebu--

79 1898 180 1956 Ionem
201 1898 442 1974 popinonemque
470 1897 639 1973 appellans,
663 1899 694 1956 et
715 1896 780 1956 vita
803 1897 982 1974 scriptisque
1005 1917 1088 1957 mon-

80 1988 224 2062 strosum,
252 1987 408 2060 praeterea
434 1984 600 2060 priscorum
624 1982 745 2044 Catonis
774 1983 934 2044 verborum
956 1985 1087 2045 inerudi-

81 2073 230 2131 tissimum
251 2073 357 2131 furem.
1019 2095 1023 2100 ·

145 2179 184 2236 id.
206 2177 246 2236 D.
268 2175 346 2250 Aug.
369 2178 425 2235 86:

80 2257 298 2345 (Augustus)
320 2264 428 2323 ludens
450 2265 564 2323 malum
587 2266 618 2322 et
635 2262 807 2323 inconstans
830 2264 861 2321 in
881 2264 1018 2341 eligendo
1038 2283 1087 2340 ge-

78 2370 150 2411 nere
174 2352 292 2411 dicendi
313 2352 468 2429 ingenium
491 2353 555 2410 eius
578 2348 736 2425 [Antonii]
758 2350 842 2410 addit
864 2351 950 2409 haec:
981 2351 1087 2427 Tuque

79 2439 216 2516 dubitas,
245 2437 400 2498 Cimberne
423 2440 540 2498 Annius
569 2457 607 2497 an
629 2437 777 2497 Veranius
799 2437 926 2498 Flaccus
948 2438 1088 2497 imitandi

79 2529 141 2586 sint
162 2527 228 2602 tibi,
250 2526 294 2586 ita
316 2530 352 2586 ut
374 2526 483 2604 verbis,
506 2545 583 2603 quae
606 2524 730 2603 Crispus
754 2526 917 2586 Sallustius
942 2527 1088 2602 excerpsit

80 2634 118 2674 ex
140 2614 313 2692 Originibus
336 2613 472 2692 Catonis,
493 2613 611 2674 utaris?

147 2720 242 2794 Quint.
264 2722 330 2778 inst.
349 2736 394 2801 or.
424 2719 512 2778 VIII
531 2720 560 2786 3,
583 2722 640 2780 29:

81 2825 179 2867 ..nec
202 2807 301 2865 minus
323 2810 396 2867 noto
421 2806 583 2866 Sallustius
607 2807 869 2884 epigrammate
892 2805 1064 2865 incessitur:

169 2897 200 2953 et
221 2893 313 2955 verba
336 2894 454 2970 antiqui
475 2895 607 2953 multum
628 2895 729 2952 furate
752 2892 887 2968 Catonis,

239 2981 356 3060 Crispe,
378 2981 577 3060 Iugurthinae
600 2981 736 3040 conditor
757 2980 909 3040 historiae.

145 3104 210 3163 Sco.
234 3122 276 3178 ep.
300 3103 385 3163 XIX
406 3104 425 3162 5
448 3103 544 3178 (114),
567 3107 614 3164 17.
639 3106 693 3163 18:

79 3192 279 3251 ..Sallustio
301 3192 424 3269 vigente
452 3195 626 3268 amputatae
654 3191 820 3251 sententiae
848 3193 879 3250 et
900 3190 993 3251 verba
1016 3193 1085 3250 ante

80 3283 287 3357 exspectatum
305 3280 443 3339 cadentia
462 3283 493 3339 et
511 3279 637 3339 obscura
659 3279 792 3340 brevitas
814 3280 899 3337 fuere
917 3298 972 3354 pro
991 3279 1085 3337 cultu.

78 3368 113 3425 L.
136 3365 348 3451 Arruntius,
370 3368 418 3428 vir
439 3386 525 3425 rarae
548 3367 747 3444 frugalitatis,
776 3366 828 3442 qui
844 3366 991 3446 'historias
1013 3364 1085 3423 belli

78 3455 188 3513 Punici
210 3455 339 3531 scripSIt,
361 3456 422 3513 fuit
441 3454 642 3513 Sallustianus
662 3458 693 3515 et
714 3455 746 3513 in
764 3453 841 3512 illud
859 3471 954 3530 genus
976 3452 1085 3512 nitens.

142 3561 219 3619 quae
239 3543 321 3619 apud
340 3542 519 3601 Sallustium
536 3561 604 3601 rara
622 3541 858 3625 fueruntapud
880 3540 959 3599 hunc
982 3539 1086 3598 erebra

79 3633 201 3690 suntet
220 3648 316 3706 paene
340 3629 490 3706 continua,
513 3649 567 3689 neo
586 3630 649 3690 sine
668 3625 772 3688 causa:
795 3628 846 3686 ille
866 3627 945 3686 enim
963 3627 994 3685 iu
1012 3629 1086 3687 haec

79 3718 242 3795 inuidebat,
266 3720 298 3776 at
320 3717 368 3775 hic
390 3718 445 3776 illa
468 3717 640 3796 quaerebat.

132 3834 289 3875 §annuemus
852 3813 871 3867 b
